2014.08.07 18:00:01.283,1.21431,1.21439,1.00,1.19
2014.08.07 18:00:02.363,1.21429,1.21438,1.50,1.25
2014.08.07 18:00:02.566,1.21431,1.21438,1.00,1.25
2014.08.07 18:00:06.990,1.21431,1.21439,1.00,1.25
2014.08.07 18:00:07.967,1.21431,1.21439,1.00,1.19
2014.08.07 18:00:13.249,1.21431,1.21437,1.00,1.00
2014.08.07 18:00:13.351,1.21429,1.21438,1.00,1.69
2014.08.07 18:00:14.884,1.21429,1.21438,1.00,1.19
2014.08.07 18:00:15.131,1.21431,1.21438,1.00,1.19
2014.08.07 18:00:15.986,1.21431,1.21438,1.00,1.25
2014.08.07 18:00:19.107,1.21431,1.21438,1.00,1.19
2014.08.07 18:00:20.142,1.21431,1.21438,1.00,1.25
2014.08.07 18:00:25.210,1.21429,1.21438,1.00,1.25
2014.08.07 18:00:25.719,1.21429,1.21438,1.00,1.19
2014.08.07 18:00:29.408,1.2143,1.21438,1.00,1.19
2014.08.07 18:00:35.986,1.2143,1.21437,1.00,1.19
2014.08.07 18:00:38.143,1.2143,1.21437,1.00,1.25
2014.08.07 18:00:38.776,1.21431,1.21437,1.00,1.25
2014.08.07 18:00:39.374,1.21431,1.21438,1.00,1.25
2014.08.07 18:00:42.259,1.2143,1.21438,1.00,1.25
2014.08.07 18:00:44.277,1.2143,1.21438,1.00,1.19
2014.08.07 18:00:50.106,1.21429,1.21437,1.50,1.25
2014.08.07 18:00:52.717,1.21431,1.21438,1.00,1.25
2014.08.07 18:00:55.091,1.21431,1.21438,1.00,1.19
2014.08.07 18:00:59.927,1.21431,1.21437,1.00,1.19
2014.08.07 18:01:00.301,1.21429,1.21437,3.00,1.19
2014.08.07 18:01:00.655,1.21431,1.21437,1.00,1.19
2014.08.07 18:01:01.495,1.21429,1.21437,1.00,1.19
2014.08.07 18:01:02.009,1.21429,1.21437,1.00,1.25
2014.08.07 18:01:12.121,1.21429,1.21436,1.00,1.25
2014.08.07 18:01:14.557,1.21429,1.21437,1.50,1.25
2014.08.07 18:01:17.470,1.21429,1.21439,1.50,1.25
2014.08.07 18:01:34.107,1.2143,1.21439,1.00,1.25
2014.08.07 18:01:38.919,1.2143,1.21438,1.00,1.00
2014.08.07 18:01:43.594,1.2143,1.21439,1.00,1.25
2014.08.07 18:01:44.504,1.2143,1.21439,1.00,1.69
2014.08.07 18:01:47.804,1.21429,1.21436,1.00,1.00
2014.08.07 18:01:47.956,1.21426,1.21435,3.38,1.00
2014.08.07 18:01:48.463,1.21426,1.21434,1.50,1.69
2014.08.07 18:01:49.429,1.21426,1.21433,1.00,1.19
2014.08.07 18:01:50.993,1.21424,1.21432,1.50,1.25
2014.08.07 18:01:51.782,1.21426,1.21432,1.00,1.25
2014.08.07 18:01:51.833,1.21426,1.21435,1.50,1.19
2014.08.07 18:01:52.844,1.21426,1.21435,1.50,1.25
2014.08.07 18:02:06.062,1.21426,1.21436,2.25,1.25
2014.08.07 18:02:07.803,1.21426,1.21436,2.25,1.19
2014.08.07 18:02:12.108,1.21427,1.21436,1.00,1.19
2014.08.07 18:02:21.896,1.21427,1.21436,1.00,1.25
2014.08.07 18:02:25.720,1.21427,1.21436,1.00,1.19
2014.08.07 18:02:38.572,1.21427,1.21436,1.50,1.25
2014.08.07 18:02:39.651,1.21427,1.21436,1.50,1.19
2014.08.07 18:02:46.871,1.21427,1.21436,1.00,1.25
2014.08.07 18:02:48.251,1.21427,1.21436,1.00,1.19
2014.08.07 18:02:55.236,1.21427,1.21436,1.00,1.25
2014.08.07 18:03:01.826,1.21427,1.21436,1.00,1.19
2014.08.07 18:03:10.722,1.21427,1.21435,1.00,1.19
2014.08.07 18:03:11.931,1.21427,1.21435,1.00,1.25
2014.08.07 18:03:12.443,1.21426,1.21435,1.00,1.25
2014.08.07 18:03:29.650,1.21428,1.21436,1.00,1.19
2014.08.07 18:03:32.068,1.21428,1.21435,1.00,1.19
2014.08.07 18:03:35.171,1.21428,1.21435,1.00,1.25
2014.08.07 18:03:39.849,1.21428,1.21435,1.00,1.19
2014.08.07 18:03:41.854,1.21428,1.21435,1.00,1.25
2014.08.07 18:03:43.358,1.21428,1.21435,1.00,1.19
2014.08.07 18:03:44.484,1.21428,1.21435,1.00,1.25
2014.08.07 18:03:50.041,1.21427,1.21435,1.50,1.25
2014.08.07 18:04:02.469,1.21428,1.21435,1.00,1.32
2014.08.07 18:04:03.014,1.21427,1.21435,1.00,1.25
2014.08.07 18:04:23.243,1.21426,1.21435,2.25,1.25
2014.08.07 18:04:31.181,1.21426,1.21435,1.50,1.19
2014.08.07 18:04:33.606,1.21426,1.21435,1.50,1.25
2014.08.07 18:04:44.057,1.21427,1.21435,1.00,1.25
2014.08.07 18:04:59.090,1.21428,1.21435,1.00,1.25
2014.08.07 18:04:59.293,1.21429,1.21437,1.00,1.25
2014.08.07 18:04:59.444,1.21431,1.21438,1.00,1.69
2014.08.07 18:05:00.220,1.21428,1.21439,1.69,2.44
2014.08.07 18:05:05.938,1.21429,1.21439,1.00,1.69
2014.08.07 18:05:07.354,1.21431,1.21439,1.00,1.25
2014.08.07 18:05:07.658,1.21431,1.21437,1.00,1.00
2014.08.07 18:05:08.164,1.21431,1.21438,1.00,1.00
2014.08.07 18:05:10.141,1.21431,1.21437,1.00,1.00
2014.08.07 18:05:14.366,1.21431,1.21439,1.00,2.44
2014.08.07 18:05:15.347,1.21431,1.2144,1.00,1.19
2014.08.07 18:05:15.601,1.21429,1.21439,3.00,1.25
2014.08.07 18:05:16.067,1.21431,1.2144,1.00,1.69
2014.08.07 18:05:16.582,1.21431,1.2144,1.00,1.25
2014.08.07 18:05:23.229,1.21431,1.21441,1.00,2.44
2014.08.07 18:05:24.340,1.21431,1.21441,1.00,2.44
2014.08.07 18:05:33.764,1.21431,1.2144,1.00,1.19
2014.08.07 18:05:34.078,1.21431,1.21438,1.00,1.19
2014.08.07 18:05:35.775,1.21431,1.21438,1.00,1.25
2014.08.07 18:06:00.126,1.21431,1.21438,1.00,1.19
2014.08.07 18:06:11.198,1.21431,1.21438,1.00,1.25
2014.08.07 18:06:12.255,1.21431,1.21438,1.00,1.19
2014.08.07 18:06:18.185,1.21431,1.21437,1.00,1.19
2014.08.07 18:06:23.010,1.21431,1.2144,1.00,1.32
2014.08.07 18:06:23.112,1.21431,1.21439,1.00,1.19
2014.08.07 18:06:24.201,1.21431,1.21439,1.00,1.25
2014.08.07 18:06:27.607,1.21431,1.21439,1.00,1.19
2014.08.07 18:06:51.194,1.21431,1.21439,1.00,1.25
2014.08.07 18:07:03.612,1.2143,1.21439,1.00,1.25
2014.08.07 18:07:04.430,1.21431,1.21439,1.00,1.25
2014.08.07 18:07:05.072,1.21431,1.21438,1.00,1.25
2014.08.07 18:07:15.133,1.21431,1.21439,1.00,1.25
2014.08.07 18:07:17.211,1.21431,1.21439,1.00,1.19
2014.08.07 18:07:24.539,1.21431,1.21439,1.00,1.25
2014.08.07 18:07:27.053,1.21431,1.21439,1.00,1.19
2014.08.07 18:07:46.232,1.21431,1.2144,1.00,1.19
2014.08.07 18:08:03.405,1.21431,1.21439,1.00,1.19
2014.08.07 18:08:04.478,1.2143,1.21439,1.50,1.19
2014.08.07 18:08:22.276,1.21429,1.21438,3.00,1.25
2014.08.07 18:08:29.204,1.2143,1.21438,1.00,1.25
2014.08.07 18:08:33.784,1.2143,1.21439,1.00,1.25
2014.08.07 18:08:35.380,1.2143,1.21439,1.00,1.19
2014.08.07 18:08:36.364,1.2143,1.21439,1.00,1.25
2014.08.07 18:08:37.381,1.2143,1.21439,1.00,1.19
2014.08.07 18:08:49.513,1.2143,1.21438,1.50,1.19
2014.08.07 18:08:52.905,1.2143,1.21438,1.50,1.25
2014.08.07 18:08:55.979,1.21431,1.21438,1.00,1.25
2014.08.07 18:09:08.375,1.2143,1.21438,1.00,1.25
2014.08.07 18:09:14.667,1.2143,1.21438,1.00,1.19
2014.08.07 18:09:15.200,1.21431,1.21438,1.00,1.19
2014.08.07 18:09:15.942,1.21431,1.21438,1.00,1.25
2014.08.07 18:09:25.208,1.21431,1.21439,1.00,1.25
2014.08.07 18:09:36.537,1.21431,1.21439,1.00,1.19
2014.08.07 18:09:38.714,1.21431,1.21439,1.00,3.19
2014.08.07 18:09:39.706,1.21431,1.21439,1.00,3.19
2014.08.07 18:09:45.448,1.21431,1.21438,1.00,1.19
2014.08.07 18:09:47.663,1.21431,1.21439,1.00,3.19
2014.08.07 18:09:51.488,1.21429,1.21438,1.50,1.25
2014.08.07 18:09:51.742,1.21431,1.21438,1.00,1.25
2014.08.07 18:09:53.674,1.21431,1.21439,1.00,1.25
2014.08.07 18:09:54.670,1.21431,1.21439,1.00,1.19
2014.08.07 18:10:16.693,1.21431,1.21439,1.00,3.19
2014.08.07 18:10:20.221,1.21431,1.21439,1.00,1.19
2014.08.07 18:10:22.934,1.21432,1.21439,1.00,1.19
2014.08.07 18:10:25.237,1.21432,1.2144,1.00,1.19
2014.08.07 18:10:25.541,1.21435,1.21441,1.00,1.19
2014.08.07 18:10:25.648,1.21435,1.21442,1.00,1.32
2014.08.07 18:10:26.409,1.21435,1.21444,1.00,1.69
2014.08.07 18:10:27.093,1.21435,1.21443,1.00,1.19
2014.08.07 18:10:35.325,1.21435,1.21443,1.00,1.25
2014.08.07 18:10:36.718,1.21435,1.21443,1.00,1.19
2014.08.07 18:10:43.862,1.21435,1.21443,1.00,1.25
2014.08.07 18:10:47.426,1.21436,1.21443,1.00,1.25
2014.08.07 18:10:47.927,1.21435,1.21443,1.50,1.25
2014.08.07 18:10:48.501,1.21435,1.21444,1.50,1.25
2014.08.07 18:10:49.258,1.21438,1.21444,1.00,1.25
2014.08.07 18:10:49.359,1.21435,1.21444,1.50,1.25
2014.08.07 18:10:50.033,1.21436,1.21444,1.00,5.44
2014.08.07 18:10:50.539,1.21435,1.21443,1.00,1.25
2014.08.07 18:10:51.499,1.21435,1.21443,1.00,1.19
2014.08.07 18:10:57.487,1.21433,1.21443,1.50,1.19
2014.08.07 18:10:58.900,1.21433,1.21442,1.50,1.19
2014.08.07 18:10:59.440,1.21434,1.21442,1.00,1.19
2014.08.07 18:10:59.945,1.21433,1.21442,1.50,1.19
2014.08.07 18:11:02.426,1.21433,1.21442,1.50,1.25
2014.08.07 18:11:04.847,1.21433,1.21442,1.50,1.19
2014.08.07 18:11:05.911,1.21433,1.21442,1.50,1.25
2014.08.07 18:11:08.081,1.21434,1.21442,1.00,1.32
2014.08.07 18:11:08.284,1.21432,1.21442,1.00,2.07
2014.08.07 18:11:08.791,1.21431,1.21442,1.69,2.82
2014.08.07 18:11:09.298,1.21432,1.21442,1.00,2.07
2014.08.07 18:11:09.830,1.21432,1.21442,1.00,2.07
2014.08.07 18:11:14.789,1.21433,1.21442,1.00,1.69
2014.08.07 18:11:17.832,1.21433,1.21442,1.00,1.69
2014.08.07 18:11:18.369,1.21432,1.21442,1.00,1.69
2014.08.07 18:11:18.880,1.21432,1.21442,1.00,1.69
2014.08.07 18:11:19.965,1.21432,1.21442,1.00,1.69
2014.08.07 18:11:21.390,1.21433,1.21442,1.00,1.69
2014.08.07 18:11:22.478,1.21433,1.21442,1.00,1.69
2014.08.07 18:11:23.795,1.21433,1.21442,1.00,1.69
2014.08.07 18:11:28.172,1.21433,1.21442,1.00,1.69
2014.08.07 18:11:28.691,1.21432,1.21442,1.00,1.69
2014.08.07 18:11:36.735,1.21433,1.21442,1.00,1.19
2014.08.07 18:11:37.754,1.21432,1.21442,1.00,1.19
2014.08.07 18:11:47.662,1.21433,1.21442,1.00,1.19
2014.08.07 18:11:48.176,1.21433,1.21442,1.00,1.25
2014.08.07 18:11:49.971,1.21432,1.21442,1.00,1.25
2014.08.07 18:11:51.222,1.21432,1.21441,1.00,1.25
2014.08.07 18:11:58.653,1.21433,1.21441,1.00,1.25
2014.08.07 18:11:59.190,1.21432,1.21442,1.00,1.69
2014.08.07 18:12:01.145,1.21432,1.21441,1.00,1.19
2014.08.07 18:12:10.160,1.21432,1.21441,1.00,1.25
2014.08.07 18:12:15.168,1.21432,1.21441,1.00,1.19
2014.08.07 18:12:19.016,1.21432,1.21441,1.00,1.25
2014.08.07 18:12:39.314,1.21431,1.21441,1.13,1.25
2014.08.07 18:12:39.822,1.21431,1.2144,1.00,1.25
2014.08.07 18:12:40.926,1.21431,1.2144,1.00,1.19
2014.08.07 18:12:41.467,1.2143,1.2144,1.88,1.19
2014.08.07 18:12:43.816,1.21431,1.2144,1.00,1.19
2014.08.07 18:12:44.826,1.21431,1.2144,1.00,1.25
2014.08.07 18:12:51.189,1.2143,1.2144,1.00,1.25
2014.08.07 18:12:57.081,1.2143,1.2144,1.00,1.19
2014.08.07 18:12:58.161,1.2143,1.2144,1.00,1.25
2014.08.07 18:12:58.677,1.21429,1.2144,2.82,2.44
2014.08.07 18:12:59.183,1.2143,1.2144,1.00,2.44
2014.08.07 18:12:59.690,1.21429,1.21439,1.00,1.32
2014.08.07 18:13:00.599,1.21429,1.21439,1.00,1.32
2014.08.07 18:13:11.000,1.2143,1.21438,1.00,1.25
2014.08.07 18:13:11.507,1.21429,1.21438,1.00,1.25
2014.08.07 18:13:11.861,1.21431,1.21438,1.00,1.19
2014.08.07 18:13:12.215,1.21429,1.21439,1.00,1.69
2014.08.07 18:13:13.313,1.21429,1.21439,1.00,1.25
2014.08.07 18:13:18.250,1.21429,1.21439,1.00,1.19
2014.08.07 18:13:19.238,1.21429,1.21439,1.00,1.25
2014.08.07 18:13:19.772,1.2143,1.21439,1.00,1.25
2014.08.07 18:13:24.219,1.21429,1.21439,1.00,1.25
2014.08.07 18:13:25.239,1.21429,1.21438,1.00,1.25
2014.08.07 18:13:45.015,1.2143,1.21439,1.00,1.19
2014.08.07 18:13:45.671,1.2143,1.21439,1.00,1.25
2014.08.07 18:13:59.149,1.2143,1.21439,1.00,1.19
2014.08.07 18:14:01.244,1.21429,1.21439,1.50,1.19
2014.08.07 18:14:28.689,1.21429,1.21438,1.00,1.19
2014.08.07 18:14:35.303,1.21429,1.21438,1.00,1.25
2014.08.07 18:14:48.501,1.2143,1.21438,1.00,1.25
2014.08.07 18:14:48.616,1.21428,1.21438,1.88,1.25
2014.08.07 18:14:49.123,1.21429,1.21438,1.00,1.25
2014.08.07 18:14:50.317,1.21428,1.21439,1.13,2.44
2014.08.07 18:14:50.419,1.2143,1.21438,1.00,1.19
2014.08.07 18:14:50.927,1.21429,1.21438,1.50,1.19
2014.08.07 18:14:51.434,1.21429,1.21439,1.50,1.19
2014.08.07 18:15:19.887,1.21428,1.21438,1.13,1.69
2014.08.07 18:15:20.404,1.21427,1.21438,1.32,2.44
2014.08.07 18:15:21.199,1.21427,1.21437,1.00,1.19
2014.08.07 18:15:23.695,1.21426,1.21437,4.17,1.69
2014.08.07 18:15:29.278,1.21427,1.21437,1.00,1.19
2014.08.07 18:15:30.222,1.21428,1.21437,1.50,2.44
2014.08.07 18:15:30.324,1.21428,1.21438,1.00,1.69
2014.08.07 18:15:45.945,1.21427,1.21438,1.25,2.44
2014.08.07 18:15:46.746,1.21427,1.21437,1.00,1.19
2014.08.07 18:15:47.252,1.21426,1.21437,2.44,1.69
2014.08.07 18:15:54.610,1.21426,1.21435,1.50,1.19
2014.08.07 18:16:01.017,1.21426,1.21435,1.50,1.25
2014.08.07 18:16:14.248,1.21426,1.21435,1.00,1.19
2014.08.07 18:16:28.865,1.21426,1.21435,1.00,1.69
2014.08.07 18:16:29.894,1.21426,1.21435,1.00,1.69
2014.08.07 18:16:45.760,1.21425,1.21435,1.50,1.19
2014.08.07 18:16:46.525,1.21425,1.21435,1.50,1.25
2014.08.07 18:16:49.451,1.21425,1.21435,1.00,1.69
2014.08.07 18:16:56.748,1.21425,1.21435,1.13,1.69
2014.08.07 18:17:16.014,1.21426,1.21436,1.13,1.19
2014.08.07 18:17:16.529,1.21427,1.21437,1.00,1.19
2014.08.07 18:17:19.928,1.21426,1.21436,1.13,1.25
2014.08.07 18:17:28.384,1.21426,1.21435,1.00,1.00
2014.08.07 18:17:28.948,1.21427,1.21435,1.00,1.25
2014.08.07 18:17:29.453,1.21426,1.21435,1.00,1.25
2014.08.07 18:17:30.704,1.21426,1.21436,1.50,1.25
2014.08.07 18:17:44.247,1.21426,1.21436,1.50,1.19
2014.08.07 18:17:47.599,1.21426,1.21436,1.88,1.25
2014.08.07 18:18:07.642,1.21428,1.21436,1.00,1.25
2014.08.07 18:18:21.145,1.21428,1.21437,1.00,1.25
2014.08.07 18:18:23.646,1.21428,1.21437,1.00,1.69
2014.08.07 18:18:46.248,1.21428,1.21437,1.00,1.25
2014.08.07 18:18:48.196,1.21426,1.21437,1.69,1.69
2014.08.07 18:18:48.248,1.21426,1.21436,1.50,1.19
2014.08.07 18:19:09.124,1.21425,1.21435,1.50,1.25
2014.08.07 18:19:20.080,1.21425,1.21435,1.50,1.19
2014.08.07 18:19:30.145,1.21426,1.21434,1.00,1.25
2014.08.07 18:19:51.103,1.21425,1.21435,2.25,2.44
2014.08.07 18:20:41.647,1.21425,1.21434,1.00,1.19
2014.08.07 18:20:42.780,1.21425,1.21434,1.00,1.25
2014.08.07 18:20:55.350,1.21424,1.21434,1.88,1.25
2014.08.07 18:20:59.735,1.21424,1.21434,1.88,1.19
2014.08.07 18:21:04.122,1.21424,1.21434,1.88,1.25
2014.08.07 18:21:11.436,1.21424,1.21434,1.13,1.69
2014.08.07 18:21:21.191,1.21425,1.21434,1.00,2.44
2014.08.07 18:21:23.043,1.21424,1.21434,1.88,2.44
2014.08.07 18:21:40.403,1.21424,1.21434,1.13,1.25
2014.08.07 18:21:49.143,1.21423,1.21434,1.63,1.69
2014.08.07 18:21:52.388,1.21425,1.21434,1.00,1.19
2014.08.07 18:21:52.916,1.21426,1.21434,1.00,1.19
2014.08.07 18:21:53.423,1.21426,1.21434,1.00,1.25
2014.08.07 18:21:54.334,1.21426,1.21435,1.00,1.25
2014.08.07 18:22:15.566,1.21426,1.21435,1.00,1.19
2014.08.07 18:22:20.901,1.21426,1.21435,1.00,1.25
2014.08.07 18:22:26.983,1.21426,1.21434,1.00,1.13
2014.08.07 18:22:31.719,1.21426,1.21436,1.00,1.25
2014.08.07 18:22:32.237,1.21426,1.21435,1.00,1.25
2014.08.07 18:22:35.760,1.21426,1.21434,1.00,1.25
2014.08.07 18:22:36.265,1.21426,1.21436,1.13,1.69
2014.08.07 18:22:41.181,1.21426,1.21435,1.13,1.19
2014.08.07 18:22:52.591,1.21424,1.21434,3.38,1.25
2014.08.07 18:23:10.510,1.21424,1.21434,2.63,1.19
2014.08.07 18:23:11.542,1.21424,1.21434,2.63,1.25
2014.08.07 18:23:13.829,1.21424,1.21434,2.63,1.19
2014.08.07 18:23:14.904,1.21424,1.21434,2.63,1.25
2014.08.07 18:23:17.517,1.21424,1.21434,2.63,1.19
2014.08.07 18:23:18.611,1.21424,1.21434,2.63,1.25
2014.08.07 18:23:19.504,1.21424,1.21434,1.50,1.25
2014.08.07 18:23:20.037,1.21424,1.21433,1.50,1.25
2014.08.07 18:23:26.131,1.21424,1.21433,1.00,1.19
2014.08.07 18:23:27.269,1.21424,1.21433,1.00,1.25
2014.08.07 18:23:32.507,1.21425,1.21433,1.00,1.25
2014.08.07 18:23:33.026,1.21424,1.21433,1.50,1.25
2014.08.07 18:23:38.004,1.21425,1.21433,1.00,1.25
2014.08.07 18:23:46.390,1.21425,1.21433,1.00,1.19
2014.08.07 18:23:47.408,1.21425,1.21433,1.00,1.25
2014.08.07 18:23:58.225,1.21424,1.21433,1.50,1.25
2014.08.07 18:23:59.054,1.21425,1.21434,1.00,1.19
2014.08.07 18:24:00.042,1.21425,1.21435,1.50,2.44
2014.08.07 18:24:06.722,1.21425,1.21435,1.50,1.25
2014.08.07 18:24:09.454,1.21425,1.21435,1.00,1.69
2014.08.07 18:24:10.563,1.21425,1.21435,1.00,1.69
2014.08.07 18:24:16.207,1.21426,1.21435,1.88,1.25
2014.08.07 18:24:16.740,1.21427,1.21435,1.00,1.25
2014.08.07 18:24:17.262,1.21427,1.21436,1.00,1.25
2014.08.07 18:24:37.125,1.21428,1.21436,1.00,1.25
2014.08.07 18:24:50.541,1.21428,1.21435,1.00,1.69
2014.08.07 18:24:51.647,1.21428,1.21434,1.00,1.25
2014.08.07 18:24:54.690,1.21426,1.21434,1.50,1.25
2014.08.07 18:24:56.151,1.21426,1.21436,2.25,1.19
2014.08.07 18:24:57.330,1.21426,1.21436,2.25,1.25
2014.08.07 18:25:07.355,1.21426,1.21435,1.88,1.25
2014.08.07 18:25:08.474,1.21426,1.21435,1.50,1.19
2014.08.07 18:25:09.565,1.21426,1.21435,1.50,1.25
2014.08.07 18:25:11.505,1.21426,1.21435,1.50,1.19
2014.08.07 18:25:27.146,1.21426,1.21434,1.00,1.19
2014.08.07 18:25:28.129,1.21426,1.21434,1.00,1.25
2014.08.07 18:25:33.441,1.21425,1.21434,1.00,1.25
2014.08.07 18:25:33.967,1.21424,1.21434,3.38,1.25
2014.08.07 18:25:49.155,1.21424,1.21434,3.38,1.19
2014.08.07 18:25:53.576,1.21425,1.21435,1.00,1.19
2014.08.07 18:25:54.082,1.21424,1.21435,3.38,1.69
2014.08.07 18:25:55.065,1.21424,1.21433,3.38,1.25
2014.08.07 18:26:15.494,1.21424,1.21432,2.25,1.00
2014.08.07 18:26:20.207,1.21424,1.21431,1.00,1.00
2014.08.07 18:26:41.292,1.21424,1.21432,1.00,1.69
2014.08.07 18:26:41.805,1.21424,1.21431,1.00,1.00
2014.08.07 18:26:42.318,1.21424,1.21432,1.00,1.00
2014.08.07 18:26:42.840,1.21425,1.21433,1.00,1.00
2014.08.07 18:26:44.204,1.21425,1.21436,1.50,1.69
2014.08.07 18:26:44.710,1.21425,1.21436,1.69,1.25
2014.08.07 18:26:45.484,1.21426,1.21437,1.00,3.19
2014.08.07 18:26:50.491,1.21425,1.21436,1.69,1.25
2014.08.07 18:26:57.101,1.21426,1.21437,1.00,3.94
2014.08.07 18:27:00.543,1.21425,1.21435,1.32,1.00
2014.08.07 18:27:01.099,1.21425,1.21433,1.00,1.00
2014.08.07 18:27:03.083,1.21424,1.21433,2.63,1.00
2014.08.07 18:27:10.038,1.21424,1.21435,2.63,1.69
2014.08.07 18:27:10.545,1.21425,1.21435,1.00,1.19
2014.08.07 18:27:10.852,1.21427,1.21435,1.00,1.19
2014.08.07 18:27:11.105,1.21427,1.21436,1.00,1.25
2014.08.07 18:27:22.914,1.21426,1.21436,1.25,1.00
2014.08.07 18:27:24.659,1.21427,1.21436,1.00,1.00
2014.08.07 18:27:25.269,1.21427,1.21437,1.00,1.25
2014.08.07 18:27:27.993,1.21427,1.21436,1.25,1.00
2014.08.07 18:27:28.977,1.21427,1.21437,1.00,1.25
2014.08.07 18:27:42.921,1.21427,1.21436,1.25,1.00
2014.08.07 18:27:45.127,1.21428,1.21436,1.00,1.00
2014.08.07 18:27:51.099,1.21427,1.21435,1.00,1.00
2014.08.07 18:27:51.632,1.21426,1.21435,2.07,1.00
2014.08.07 18:27:52.546,1.21426,1.21436,1.88,1.25
2014.08.07 18:27:56.806,1.21428,1.21436,1.00,1.00
2014.08.07 18:27:59.936,1.21428,1.21435,1.00,1.00
2014.08.07 18:28:00.740,1.21428,1.21436,1.00,1.00
2014.08.07 18:28:01.765,1.21428,1.21437,1.00,1.25
2014.08.07 18:28:02.018,1.21426,1.21436,2.07,1.00
2014.08.07 18:28:02.524,1.21426,1.21437,2.82,1.25
2014.08.07 18:28:03.604,1.21426,1.21437,2.63,1.69
2014.08.07 18:28:05.037,1.21426,1.21435,1.50,1.25
2014.08.07 18:28:05.557,1.21426,1.21436,1.50,1.69
2014.08.07 18:28:22.642,1.21426,1.21436,1.13,1.69
2014.08.07 18:28:24.071,1.21426,1.21436,1.13,1.69
2014.08.07 18:28:37.767,1.21426,1.21435,1.00,1.25
2014.08.07 18:28:38.818,1.21426,1.21435,1.00,1.69
2014.08.07 18:28:39.796,1.21426,1.21435,1.00,1.69
2014.08.07 18:28:48.917,1.21428,1.21436,1.00,1.19
2014.08.07 18:28:49.695,1.21428,1.21436,1.00,1.25
2014.08.07 18:29:09.183,1.21427,1.21436,1.50,1.25
2014.08.07 18:29:26.590,1.21427,1.21437,1.00,1.69
2014.08.07 18:29:28.087,1.21427,1.21437,1.00,1.69
2014.08.07 18:29:39.405,1.21427,1.21436,1.00,1.69
2014.08.07 18:29:40.786,1.21425,1.21435,1.00,1.25
2014.08.07 18:29:41.291,1.21425,1.21434,1.00,1.25
2014.08.07 18:29:41.920,1.21425,1.21434,1.00,1.19
2014.08.07 18:29:44.541,1.21425,1.21433,1.00,1.19
2014.08.07 18:29:46.921,1.21425,1.21433,1.00,1.69
2014.08.07 18:29:47.923,1.21425,1.21432,1.00,1.25
2014.08.07 18:29:50.688,1.21424,1.21433,1.50,1.69
2014.08.07 18:29:57.484,1.21424,1.21432,1.50,1.19
2014.08.07 18:29:58.000,1.21424,1.21433,1.00,1.19
2014.08.07 18:30:09.282,1.21424,1.21433,1.00,1.25
2014.08.07 18:30:16.028,1.21424,1.21435,2.44,1.25
2014.08.07 18:30:30.624,1.21424,1.21435,2.44,1.19
2014.08.07 18:30:40.126,1.21424,1.21433,1.50,1.00
2014.08.07 18:30:40.632,1.21424,1.21434,1.50,1.25
2014.08.07 18:30:56.081,1.21424,1.21435,2.25,1.69
2014.08.07 18:30:58.592,1.21424,1.21435,1.69,1.69
2014.08.07 18:31:00.501,1.21424,1.21435,1.69,1.25
2014.08.07 18:31:29.487,1.21424,1.21435,1.25,1.19
2014.08.07 18:31:34.259,1.21425,1.21435,1.00,1.69
2014.08.07 18:31:55.087,1.21424,1.21435,2.44,1.69
2014.08.07 18:31:57.453,1.21424,1.21434,1.19,1.00
2014.08.07 18:32:01.833,1.21424,1.21434,1.25,1.25
2014.08.07 18:32:04.503,1.21425,1.21435,1.00,1.19
2014.08.07 18:32:05.123,1.21425,1.21435,1.25,1.25
2014.08.07 18:32:42.039,1.21424,1.21435,2.82,1.00
2014.08.07 18:32:49.269,1.21425,1.21435,1.25,1.25
2014.08.07 18:33:24.095,1.21425,1.21436,2.44,1.25
2014.08.07 18:33:25.569,1.21425,1.21432,1.19,1.00
2014.08.07 18:33:25.670,1.21425,1.21434,1.00,1.00
2014.08.07 18:33:26.177,1.21425,1.21433,1.00,1.00
2014.08.07 18:33:27.187,1.21424,1.21433,1.25,1.00
2014.08.07 18:33:29.168,1.21424,1.21434,1.25,1.25
2014.08.07 18:33:37.264,1.21424,1.21435,1.69,1.25
2014.08.07 18:33:37.774,1.21426,1.21436,1.00,1.69
2014.08.07 18:33:38.289,1.21426,1.21436,1.25,1.25
2014.08.07 18:34:13.145,1.21425,1.21435,1.25,1.25
2014.08.07 18:34:13.651,1.21425,1.21434,1.25,1.00
2014.08.07 18:34:14.174,1.21425,1.21435,1.25,1.25
2014.08.07 18:34:25.108,1.21425,1.21435,1.00,1.19
2014.08.07 18:34:33.060,1.21423,1.21434,2.82,1.25
2014.08.07 18:34:36.632,1.21423,1.21434,2.82,1.00
2014.08.07 18:34:40.401,1.21423,1.21434,2.82,1.25
2014.08.07 18:34:46.755,1.21424,1.21435,1.69,1.69
2014.08.07 18:35:26.538,1.21424,1.21435,2.07,1.50
2014.08.07 18:35:27.710,1.21424,1.21435,2.07,1.69
2014.08.07 18:35:37.717,1.21425,1.21434,1.25,1.00
2014.08.07 18:35:38.640,1.21426,1.21437,1.00,2.07
2014.08.07 18:35:38.793,1.21427,1.21438,1.50,1.25
2014.08.07 18:35:39.880,1.21427,1.21438,1.69,1.25
2014.08.07 18:35:57.065,1.21429,1.21439,1.00,2.44
2014.08.07 18:35:58.096,1.21429,1.21439,1.25,1.69
2014.08.07 18:35:59.107,1.21428,1.21439,1.25,3.19
2014.08.07 18:36:01.500,1.21427,1.21436,1.19,1.00
2014.08.07 18:36:02.422,1.21427,1.21436,1.25,1.00
2014.08.07 18:36:16.135,1.21427,1.21436,1.19,1.00
2014.08.07 18:36:18.272,1.21427,1.21436,1.25,1.00
2014.08.07 18:36:20.382,1.21426,1.21436,2.82,1.00
2014.08.07 18:36:22.159,1.21426,1.21436,2.82,1.00
2014.08.07 18:36:32.699,1.21426,1.21436,2.82,1.00
2014.08.07 18:36:46.100,1.21426,1.21436,1.69,1.00
2014.08.07 18:36:49.404,1.21426,1.21436,1.69,1.00
2014.08.07 18:36:51.498,1.21427,1.21438,1.19,1.69
2014.08.07 18:36:52.658,1.21426,1.21436,2.07,1.00
2014.08.07 18:36:53.165,1.21426,1.21437,2.82,1.00
2014.08.07 18:36:53.713,1.21426,1.21437,2.82,1.25
2014.08.07 18:36:59.610,1.21426,1.21436,2.07,1.00
2014.08.07 18:37:00.116,1.21426,1.21435,1.25,1.00
2014.08.07 18:37:01.928,1.21424,1.21435,3.94,1.25
2014.08.07 18:37:02.478,1.21424,1.21434,3.19,1.00
2014.08.07 18:37:05.902,1.21424,1.21435,3.94,1.25
2014.08.07 18:37:06.408,1.21425,1.21435,1.19,1.00
2014.08.07 18:37:08.053,1.21424,1.21435,4.32,1.25
2014.08.07 18:37:08.559,1.21424,1.21434,3.19,1.00
2014.08.07 18:37:18.694,1.21424,1.21434,1.69,1.25
2014.08.07 18:37:20.593,1.21424,1.21434,1.00,2.44
2014.08.07 18:37:21.100,1.21422,1.21433,1.69,1.69
2014.08.07 18:37:21.861,1.21422,1.21431,1.25,1.00
2014.08.07 18:37:28.726,1.21422,1.21432,1.25,1.25
2014.08.07 18:37:29.486,1.21422,1.21431,1.25,1.00
2014.08.07 18:37:30.044,1.21422,1.21432,1.25,1.25
2014.08.07 18:37:30.547,1.21422,1.21432,1.00,1.19
2014.08.07 18:37:38.983,1.21422,1.21432,1.00,1.25
2014.08.07 18:37:39.489,1.21422,1.21431,1.00,1.00
2014.08.07 18:37:40.032,1.21422,1.21432,1.25,1.25
2014.08.07 18:38:14.025,1.21421,1.21431,2.82,1.00
2014.08.07 18:38:15.003,1.21421,1.21431,2.07,1.25
2014.08.07 18:38:16.034,1.21421,1.21432,3.57,1.25
2014.08.07 18:38:18.433,1.21421,1.21428,1.50,1.00
2014.08.07 18:38:18.737,1.21421,1.21425,1.00,1.00
2014.08.07 18:38:18.788,1.21419,1.21425,1.00,1.00
2014.08.07 18:38:18.940,1.21419,1.21428,1.00,1.50
2014.08.07 18:38:19.446,1.21419,1.21427,1.00,1.00
2014.08.07 18:38:22.361,1.21419,1.21428,1.00,1.69
2014.08.07 18:38:23.328,1.21419,1.21428,1.00,1.69
2014.08.07 18:38:43.165,1.21419,1.21428,1.00,1.25
2014.08.07 18:38:45.276,1.21419,1.21428,1.00,1.69
2014.08.07 18:38:49.529,1.21419,1.21428,1.00,1.25
2014.08.07 18:38:52.799,1.21419,1.2143,1.69,2.44
2014.08.07 18:38:54.807,1.21419,1.2143,1.50,2.82
2014.08.07 18:38:55.818,1.21419,1.21429,1.25,1.25
2014.08.07 18:38:59.351,1.21419,1.21428,1.25,1.00
2014.08.07 18:38:59.873,1.21419,1.21429,1.25,1.25
2014.08.07 18:39:00.177,1.21419,1.21426,1.00,1.00
2014.08.07 18:39:00.278,1.21419,1.21428,1.00,1.25
2014.08.07 18:39:00.398,1.21417,1.21428,1.25,1.69
2014.08.07 18:39:00.550,1.21419,1.21428,1.00,1.25
2014.08.07 18:39:43.392,1.21419,1.21428,1.00,1.69
2014.08.07 18:39:44.718,1.21419,1.21428,1.00,1.69
2014.08.07 18:39:47.709,1.21419,1.21427,1.00,1.00
2014.08.07 18:39:47.962,1.21416,1.21425,1.50,1.00
2014.08.07 18:39:48.013,1.21416,1.21423,1.00,1.00
2014.08.07 18:39:48.116,1.21414,1.21422,1.00,1.00
2014.08.07 18:39:48.622,1.21414,1.21424,1.00,1.69
2014.08.07 18:39:49.027,1.21415,1.21425,1.25,1.25
2014.08.07 18:39:52.413,1.21415,1.21424,1.25,1.00
2014.08.07 18:39:53.021,1.21415,1.21425,1.25,1.69
2014.08.07 18:39:56.046,1.21415,1.21424,1.25,1.00
2014.08.07 18:39:57.226,1.21415,1.21424,1.00,1.19
2014.08.07 18:39:59.431,1.21415,1.21424,1.00,1.25
2014.08.07 18:40:00.223,1.21415,1.21423,1.00,1.00
2014.08.07 18:40:00.276,1.21413,1.21423,1.00,1.25
2014.08.07 18:40:01.356,1.21413,1.21424,2.07,1.69
2014.08.07 18:40:18.074,1.21413,1.21424,1.69,1.69
2014.08.07 18:40:30.515,1.21413,1.21424,2.82,1.25
2014.08.07 18:40:47.131,1.21413,1.21424,2.82,1.19
2014.08.07 18:40:50.261,1.21413,1.21423,1.19,1.00
2014.08.07 18:40:51.038,1.21413,1.21424,1.69,1.25
2014.08.07 18:40:51.544,1.21413,1.21423,1.19,1.00
2014.08.07 18:40:54.822,1.21413,1.21424,1.69,1.25
2014.08.07 18:41:04.413,1.21414,1.21424,1.19,1.00
2014.08.07 18:41:06.180,1.21414,1.21423,1.19,1.00
2014.08.07 18:41:06.724,1.21414,1.21423,1.25,1.00
2014.08.07 18:41:08.390,1.21414,1.21424,1.25,1.25
2014.08.07 18:41:08.901,1.21414,1.21423,1.25,1.00
2014.08.07 18:41:09.416,1.21414,1.21424,1.25,1.25
2014.08.07 18:41:16.306,1.21414,1.21424,1.19,1.00
2014.08.07 18:41:17.379,1.21414,1.21422,1.19,1.00
2014.08.07 18:41:17.480,1.21414,1.21425,1.69,1.25
2014.08.07 18:41:18.738,1.21415,1.21426,1.00,2.44
2014.08.07 18:41:20.784,1.21416,1.21426,1.00,1.69
2014.08.07 18:41:21.306,1.21417,1.21426,1.00,1.69
2014.08.07 18:41:21.513,1.21415,1.21426,1.25,2.44
2014.08.07 18:41:22.020,1.21415,1.21426,1.19,2.44
2014.08.07 18:41:31.360,1.21415,1.21426,1.69,1.19
2014.08.07 18:41:32.736,1.21415,1.21426,1.69,1.25
2014.08.07 18:41:36.563,1.21415,1.21426,1.69,1.19
2014.08.07 18:41:43.363,1.21415,1.21426,1.69,1.25
2014.08.07 18:41:44.374,1.21415,1.21426,1.69,1.19
2014.08.07 18:41:47.283,1.21415,1.21426,1.19,1.69
2014.08.07 18:41:59.403,1.21415,1.21426,1.25,1.69
2014.08.07 18:42:33.252,1.21414,1.21424,2.44,1.00
2014.08.07 18:42:33.758,1.21414,1.21423,1.25,1.00
2014.08.07 18:42:34.283,1.21414,1.21424,1.25,1.25
2014.08.07 18:42:34.799,1.21414,1.21425,1.00,1.69
2014.08.07 18:42:37.483,1.21414,1.21422,1.00,1.00
2014.08.07 18:42:37.990,1.21414,1.21423,1.00,1.25
2014.08.07 18:42:45.216,1.21412,1.21423,2.67,1.25
2014.08.07 18:42:49.896,1.21412,1.21422,1.92,1.00
2014.08.07 18:42:50.459,1.21412,1.21423,2.67,1.25
2014.08.07 18:43:13.688,1.21413,1.21424,1.32,1.25
2014.08.07 18:43:16.088,1.21413,1.21424,1.32,1.19
2014.08.07 18:43:17.598,1.21413,1.21424,1.32,1.25
2014.08.07 18:43:22.341,1.21412,1.21423,1.92,1.25
2014.08.07 18:43:22.847,1.21412,1.21423,1.69,1.25
2014.08.07 18:43:23.354,1.21413,1.21424,1.50,2.44
2014.08.07 18:43:23.970,1.21414,1.21424,1.00,1.19
2014.08.07 18:43:24.914,1.21414,1.21425,1.69,1.25
2014.08.07 18:43:25.949,1.21414,1.21425,1.69,1.19
2014.08.07 18:43:31.264,1.21415,1.21425,1.00,1.19
2014.08.07 18:43:31.781,1.21414,1.21425,1.69,1.69
2014.08.07 18:43:46.096,1.21413,1.21423,1.69,1.00
2014.08.07 18:43:46.605,1.21413,1.21422,1.00,1.00
2014.08.07 18:43:47.112,1.21413,1.21421,1.00,1.00
2014.08.07 18:43:47.397,1.21413,1.21423,1.00,1.25
2014.08.07 18:43:47.600,1.21413,1.21421,1.00,1.00
2014.08.07 18:43:48.182,1.21413,1.21422,1.00,1.25
2014.08.07 18:43:49.305,1.21413,1.21421,1.00,1.00
2014.08.07 18:43:49.709,1.21411,1.21422,1.00,2.07
2014.08.07 18:43:55.917,1.21411,1.21421,1.00,1.19
2014.08.07 18:44:00.057,1.21411,1.21421,1.25,1.25
2014.08.07 18:44:04.208,1.21412,1.21422,1.00,1.69
2014.08.07 18:44:04.720,1.21412,1.21422,1.25,1.25
2014.08.07 18:44:05.176,1.21412,1.21416,1.00,1.00
2014.08.07 18:44:05.379,1.21411,1.21418,1.00,1.00
2014.08.07 18:44:06.273,1.21411,1.21417,1.00,1.00
2014.08.07 18:44:09.194,1.21411,1.21418,1.00,1.25
2014.08.07 18:44:10.463,1.21411,1.21417,1.00,1.00
2014.08.07 18:44:17.403,1.21411,1.21419,1.00,1.69
2014.08.07 18:44:17.915,1.21411,1.21418,1.00,1.19
2014.08.07 18:44:23.008,1.21411,1.2142,1.00,1.25
2014.08.07 18:44:23.311,1.21412,1.21422,1.00,1.32
2014.08.07 18:44:25.910,1.21412,1.21421,1.25,1.00
2014.08.07 18:44:26.420,1.21412,1.21421,1.00,1.19
2014.08.07 18:44:27.083,1.21412,1.21421,1.00,1.25
2014.08.07 18:44:30.142,1.21412,1.2142,1.00,1.00
2014.08.07 18:44:31.123,1.21412,1.21421,1.00,1.25
2014.08.07 18:44:31.928,1.21412,1.2142,1.00,1.00
2014.08.07 18:44:33.009,1.21412,1.21421,1.00,1.25
2014.08.07 18:44:40.941,1.21412,1.21423,1.69,1.69
2014.08.07 18:44:44.427,1.21412,1.21422,1.00,1.19
2014.08.07 18:44:46.773,1.21412,1.21422,1.25,1.25
2014.08.07 18:44:51.975,1.21413,1.21424,1.00,2.82
2014.08.07 18:44:54.253,1.21412,1.21423,2.44,1.19
2014.08.07 18:44:57.095,1.21412,1.21422,1.00,1.19
2014.08.07 18:45:00.394,1.21412,1.21423,1.69,1.69
2014.08.07 18:45:23.598,1.21413,1.21423,1.00,1.19
2014.08.07 18:45:42.303,1.21413,1.21423,1.25,1.25
2014.08.07 18:45:44.153,1.21414,1.21424,1.00,1.19
2014.08.07 18:45:44.659,1.21414,1.21425,1.00,2.44
2014.08.07 18:45:45.395,1.21414,1.21425,1.19,1.69
2014.08.07 18:45:48.798,1.21414,1.21425,1.25,1.69
2014.08.07 18:45:51.568,1.21415,1.21425,1.00,1.19
2014.08.07 18:45:54.165,1.21414,1.21425,1.25,1.69
2014.08.07 18:45:55.011,1.21414,1.21425,1.19,1.69
2014.08.07 18:46:00.251,1.21413,1.21423,3.57,1.00
2014.08.07 18:46:01.218,1.21413,1.21423,1.69,1.00
2014.08.07 18:46:01.735,1.21413,1.21424,2.44,1.25
2014.08.07 18:46:02.236,1.21413,1.21424,2.44,1.25
2014.08.07 18:46:04.520,1.21414,1.21424,1.00,1.19
2014.08.07 18:46:13.162,1.21414,1.21424,1.25,1.25
2014.08.07 18:46:13.617,1.21414,1.21422,1.25,1.00
2014.08.07 18:46:14.124,1.21413,1.21421,1.25,1.00
2014.08.07 18:46:15.004,1.21413,1.21422,1.00,2.44
2014.08.07 18:46:16.401,1.21413,1.2142,1.00,1.00
2014.08.07 18:46:17.198,1.21413,1.21421,1.00,1.00
2014.08.07 18:46:17.705,1.21413,1.21422,1.00,1.69
2014.08.07 18:46:18.008,1.21413,1.2142,1.00,1.00
2014.08.07 18:46:18.540,1.21413,1.21422,1.00,1.69
2014.08.07 18:46:19.439,1.21413,1.2142,1.00,1.00
2014.08.07 18:46:19.956,1.21413,1.21421,1.00,1.00
2014.08.07 18:46:21.803,1.21413,1.21422,1.00,1.69
2014.08.07 18:46:23.854,1.21413,1.21421,1.00,1.00
2014.08.07 18:46:24.419,1.21413,1.21422,1.00,2.44
2014.08.07 18:46:25.357,1.21413,1.2142,1.00,1.00
2014.08.07 18:46:25.459,1.21413,1.21422,1.00,2.44
2014.08.07 18:46:25.965,1.21413,1.21423,1.25,1.25
2014.08.07 18:46:32.523,1.21413,1.21422,1.25,1.00
2014.08.07 18:46:33.071,1.21413,1.21423,1.25,1.25
2014.08.07 18:46:33.431,1.21413,1.21421,1.25,1.00
2014.08.07 18:46:33.949,1.21413,1.21422,1.25,1.00
2014.08.07 18:46:35.446,1.21413,1.21423,1.25,1.69
2014.08.07 18:46:51.864,1.21413,1.21424,2.44,1.00
2014.08.07 18:46:52.369,1.21414,1.21425,1.25,1.69
2014.08.07 18:46:52.874,1.21414,1.21425,1.25,1.69
2014.08.07 18:47:00.206,1.21413,1.21423,1.32,1.00
2014.08.07 18:47:00.748,1.21413,1.21423,1.32,1.25
2014.08.07 18:47:04.340,1.21414,1.21425,1.00,2.44
2014.08.07 18:47:04.846,1.21415,1.21425,1.00,1.69
2014.08.07 18:47:05.365,1.21415,1.21425,1.00,1.19
2014.08.07 18:47:07.356,1.21415,1.21425,1.25,1.25
2014.08.07 18:47:09.963,1.21415,1.21425,1.00,1.19
2014.08.07 18:47:12.869,1.21415,1.21425,1.25,1.25
2014.08.07 18:47:27.526,1.21415,1.21425,1.00,1.19
2014.08.07 18:47:28.605,1.21415,1.21425,1.00,1.25
2014.08.07 18:47:28.909,1.21415,1.21424,1.00,1.69
2014.08.07 18:47:29.515,1.21415,1.21425,1.00,1.19
2014.08.07 18:47:33.808,1.21415,1.21422,1.00,1.00
2014.08.07 18:47:34.114,1.21411,1.21421,3.79,1.00
2014.08.07 18:47:35.026,1.21412,1.21422,1.05,1.69
2014.08.07 18:47:35.567,1.21412,1.21421,1.05,1.00
2014.08.07 18:47:36.074,1.21412,1.21422,1.17,1.25
2014.08.07 18:47:36.580,1.21413,1.21423,1.25,1.25
2014.08.07 18:47:43.282,1.21413,1.21423,1.19,1.00
2014.08.07 18:47:45.187,1.21413,1.21423,1.25,1.25
2014.08.07 18:47:54.683,1.21414,1.21425,1.00,2.82
2014.08.07 18:47:55.803,1.21414,1.21425,1.25,2.82
2014.08.07 18:47:58.305,1.21414,1.21421,1.25,1.00
2014.08.07 18:47:58.406,1.21413,1.21423,1.25,1.25
2014.08.07 18:48:07.095,1.21413,1.2142,1.25,1.00
2014.08.07 18:48:07.197,1.21413,1.21422,1.25,1.00
2014.08.07 18:48:07.703,1.21413,1.21423,1.25,1.25
2014.08.07 18:48:16.280,1.21413,1.21421,1.25,1.00
2014.08.07 18:48:16.787,1.21413,1.21423,1.00,1.69
2014.08.07 18:48:19.644,1.21413,1.21422,1.00,1.69
2014.08.07 18:48:20.759,1.21413,1.21422,1.00,1.25
2014.08.07 18:48:22.753,1.21413,1.21421,1.00,1.00
2014.08.07 18:48:23.374,1.21413,1.21422,1.00,1.25
2014.08.07 18:48:23.899,1.21413,1.21421,1.00,1.00
2014.08.07 18:48:24.485,1.21413,1.2142,1.00,1.00
2014.08.07 18:48:25.016,1.21413,1.21421,1.00,1.00
2014.08.07 18:48:25.938,1.21413,1.21423,1.00,1.69
2014.08.07 18:48:26.825,1.21413,1.2142,1.00,1.00
2014.08.07 18:48:27.333,1.21411,1.2142,3.79,1.00
2014.08.07 18:48:27.859,1.21411,1.2142,3.04,1.00
2014.08.07 18:48:32.959,1.21411,1.21422,3.79,1.19
2014.08.07 18:48:33.466,1.21412,1.21423,1.00,2.44
2014.08.07 18:48:33.994,1.21411,1.2142,3.04,1.00
2014.08.07 18:48:34.971,1.21411,1.21421,3.04,1.69
2014.08.07 18:48:35.508,1.21412,1.21422,1.00,1.69
2014.08.07 18:48:36.047,1.21411,1.2142,3.04,1.00
2014.08.07 18:48:36.552,1.21412,1.21423,1.00,3.19
2014.08.07 18:48:37.082,1.21411,1.21422,3.04,1.19
2014.08.07 18:48:39.180,1.21412,1.21422,1.00,1.19
2014.08.07 18:48:39.542,1.21413,1.21423,1.00,1.25
2014.08.07 18:48:45.731,1.21413,1.21423,1.19,1.00
2014.08.07 18:48:46.712,1.21413,1.21423,1.25,1.25
2014.08.07 18:48:56.347,1.21412,1.21423,1.25,1.69
2014.08.07 18:49:00.431,1.21413,1.21423,1.00,1.19
2014.08.07 18:49:01.103,1.21412,1.21423,1.69,1.69
2014.08.07 18:49:15.267,1.21414,1.21422,1.00,1.25
2014.08.07 18:49:15.784,1.21414,1.21421,1.00,1.00
2014.08.07 18:49:16.302,1.21414,1.21422,1.00,1.25
2014.08.07 18:49:21.669,1.21414,1.21422,1.00,1.19
2014.08.07 18:49:24.169,1.21414,1.21422,1.00,1.25
2014.08.07 18:49:24.686,1.21414,1.21421,1.00,1.00
2014.08.07 18:49:25.198,1.21414,1.21422,1.00,1.25
2014.08.07 18:49:37.569,1.21414,1.21421,1.00,1.00
2014.08.07 18:49:38.089,1.21414,1.21423,1.00,1.69
2014.08.07 18:49:56.387,1.21414,1.21421,1.00,1.00
2014.08.07 18:49:57.297,1.21414,1.21422,1.00,1.25
2014.08.07 18:50:15.307,1.21411,1.21422,4.17,1.25
2014.08.07 18:50:17.530,1.21411,1.21421,2.67,1.00
2014.08.07 18:50:18.128,1.21411,1.21422,3.42,1.25
2014.08.07 18:50:19.203,1.21413,1.21422,1.00,1.25
2014.08.07 18:50:30.686,1.21413,1.2142,1.00,1.00
2014.08.07 18:50:36.884,1.21413,1.21421,1.00,1.69
2014.08.07 18:50:53.189,1.21413,1.2142,1.00,1.00
2014.08.07 18:50:55.992,1.21413,1.21421,1.00,1.69
2014.08.07 18:51:09.699,1.21413,1.21422,1.00,1.25
2014.08.07 18:51:11.746,1.21413,1.2142,1.00,1.00
2014.08.07 18:51:18.075,1.21413,1.21421,1.00,1.25
2014.08.07 18:51:19.208,1.21412,1.21421,1.00,1.25
2014.08.07 18:51:22.144,1.21412,1.21421,1.00,1.19
2014.08.07 18:51:23.119,1.21411,1.21421,1.35,1.19
2014.08.07 18:51:25.167,1.21411,1.21421,1.05,1.25
2014.08.07 18:51:30.169,1.2141,1.21421,2.85,1.19
2014.08.07 18:51:35.122,1.2141,1.21418,1.85,1.00
2014.08.07 18:51:35.274,1.2141,1.2142,1.85,1.25
2014.08.07 18:51:41.709,1.21411,1.21421,1.05,1.25
2014.08.07 18:51:51.899,1.21411,1.2142,1.05,1.00
2014.08.07 18:51:57.670,1.21411,1.21421,1.05,1.69
2014.08.07 18:51:57.973,1.21413,1.21422,1.00,1.69
2014.08.07 18:52:00.488,1.21412,1.21421,1.00,1.25
2014.08.07 18:52:00.994,1.21411,1.21421,1.05,1.25
2014.08.07 18:52:42.025,1.21411,1.21421,1.00,1.19
2014.08.07 18:52:46.208,1.21411,1.21421,1.25,1.25
2014.08.07 18:52:55.927,1.21411,1.21421,1.00,1.19
2014.08.07 18:52:58.023,1.21413,1.21422,1.00,1.69
2014.08.07 18:52:58.073,1.21413,1.21422,1.00,1.25
2014.08.07 18:52:58.470,1.21411,1.21422,3.19,1.25
2014.08.07 18:52:59.007,1.21411,1.21421,1.25,1.00
2014.08.07 18:53:02.493,1.21413,1.21422,1.00,1.69
2014.08.07 18:53:02.544,1.21414,1.21424,1.38,1.50
2014.08.07 18:53:02.595,1.21417,1.21424,1.00,1.00
2014.08.07 18:53:02.646,1.21418,1.21426,1.00,1.00
2014.08.07 18:53:02.757,1.2142,1.21427,1.00,1.00
2014.08.07 18:53:02.808,1.2142,1.21429,1.00,1.25
2014.08.07 18:53:02.909,1.21422,1.2143,1.00,1.19
2014.08.07 18:53:03.415,1.21421,1.2143,1.00,1.69
2014.08.07 18:53:03.921,1.21421,1.2143,1.50,1.25
2014.08.07 18:53:06.594,1.21421,1.21432,2.44,2.07
2014.08.07 18:53:08.136,1.21421,1.21428,2.07,1.00
2014.08.07 18:53:08.237,1.21421,1.2143,1.69,1.50
2014.08.07 18:53:08.748,1.21421,1.21429,1.69,1.00
2014.08.07 18:53:09.457,1.21421,1.2143,1.50,1.25
2014.08.07 18:53:17.941,1.21421,1.21429,1.50,1.00
2014.08.07 18:53:22.798,1.21419,1.2143,2.25,1.69
2014.08.07 18:53:23.305,1.2142,1.2143,1.00,1.19
2014.08.07 18:53:23.808,1.2142,1.21431,1.25,3.19
2014.08.07 18:53:28.102,1.21419,1.21425,1.69,1.00
2014.08.07 18:53:28.203,1.21419,1.21428,1.69,1.00
2014.08.07 18:53:29.091,1.21419,1.21429,1.69,1.69
2014.08.07 18:53:30.119,1.21419,1.2143,2.44,1.25
2014.08.07 18:53:41.722,1.21419,1.21429,2.44,1.00
2014.08.07 18:53:42.236,1.21419,1.2143,3.19,1.25
2014.08.07 18:53:46.258,1.21419,1.2143,2.44,1.19
2014.08.07 18:53:51.853,1.21419,1.21428,1.25,1.00
2014.08.07 18:53:54.081,1.21419,1.21428,1.00,1.19
2014.08.07 18:53:55.560,1.21417,1.21428,1.69,1.19
2014.08.07 18:53:56.067,1.21417,1.21426,1.00,1.00
2014.08.07 18:53:56.573,1.21415,1.21426,2.44,1.50
2014.08.07 18:54:01.206,1.21416,1.21426,1.19,1.00
2014.08.07 18:54:02.234,1.21416,1.21426,1.25,1.25
2014.08.07 18:54:03.420,1.21415,1.21426,1.69,2.44
2014.08.07 18:54:04.900,1.21415,1.21426,1.69,1.69
2014.08.07 18:54:11.208,1.21415,1.21425,2.44,1.00
2014.08.07 18:54:13.355,1.21415,1.21425,1.50,1.25
2014.08.07 18:54:13.865,1.21415,1.21424,1.00,1.00
2014.08.07 18:54:14.410,1.21414,1.21424,1.32,1.00
2014.08.07 18:54:14.918,1.21415,1.21425,1.50,1.69
2014.08.07 18:54:15.457,1.21415,1.21425,1.69,1.00
2014.08.07 18:54:20.172,1.21415,1.21424,1.50,1.00
2014.08.07 18:54:20.797,1.21414,1.21423,1.25,1.00
2014.08.07 18:54:37.006,1.21414,1.21424,1.25,1.25
2014.08.07 18:54:47.872,1.21414,1.21424,1.00,1.19
2014.08.07 18:55:04.885,1.21414,1.21423,1.00,1.19
2014.08.07 18:55:10.721,1.21414,1.21423,1.00,1.25
2014.08.07 18:55:11.429,1.21413,1.21423,1.25,1.25
2014.08.07 18:55:12.655,1.21413,1.21422,1.25,1.00
2014.08.07 18:55:15.496,1.21413,1.21423,1.25,1.25
2014.08.07 18:55:23.091,1.21414,1.21423,1.00,1.25
2014.08.07 18:55:27.217,1.21414,1.21423,1.00,1.19
2014.08.07 18:55:33.037,1.21414,1.21423,1.00,1.25
2014.08.07 18:55:40.649,1.21414,1.21423,1.00,1.19
2014.08.07 18:55:46.209,1.21414,1.21422,1.00,1.69
2014.08.07 18:55:46.310,1.21412,1.21422,1.00,1.69
2014.08.07 18:56:02.951,1.21412,1.21423,1.69,1.69
2014.08.07 18:56:05.272,1.21413,1.21424,1.00,2.82
2014.08.07 18:56:11.284,1.21412,1.21422,1.25,1.25
2014.08.07 18:56:20.770,1.21412,1.21423,1.69,1.25
2014.08.07 18:56:21.884,1.21412,1.21423,1.69,1.19
2014.08.07 18:56:27.149,1.21413,1.21423,1.00,1.69
2014.08.07 18:56:32.502,1.21413,1.21422,1.00,1.19
2014.08.07 18:56:48.178,1.21412,1.21422,1.50,1.19
2014.08.07 18:57:00.187,1.21412,1.21422,1.25,1.25
2014.08.07 18:57:01.191,1.21412,1.21422,1.00,1.19
2014.08.07 18:57:07.109,1.21412,1.21422,1.25,1.00
2014.08.07 18:57:07.618,1.21413,1.21424,1.00,2.44
2014.08.07 18:57:23.408,1.21413,1.21424,1.69,1.25
2014.08.07 18:57:23.914,1.21415,1.21424,1.00,1.25
2014.08.07 18:57:24.420,1.21415,1.21424,1.00,1.69
2014.08.07 18:57:25.656,1.21413,1.21424,1.69,1.69
2014.08.07 18:57:26.315,1.21413,1.21424,1.50,1.69
2014.08.07 18:57:28.109,1.21413,1.21424,1.69,1.32
2014.08.07 18:57:28.616,1.21413,1.21424,1.50,1.69
2014.08.07 18:57:28.923,1.21415,1.21424,1.00,1.69
2014.08.07 18:57:29.330,1.21415,1.21425,1.00,1.69
2014.08.07 18:57:30.334,1.21415,1.21425,1.19,1.50
2014.08.07 18:57:40.082,1.21415,1.21425,1.69,1.00
2014.08.07 18:57:40.906,1.21416,1.21425,1.00,1.00
2014.08.07 18:57:41.426,1.21417,1.21425,1.00,1.00
2014.08.07 18:57:45.772,1.21416,1.21425,1.69,1.00
2014.08.07 18:57:51.115,1.21415,1.21425,1.69,1.25
2014.08.07 18:58:01.230,1.21415,1.21425,1.69,1.00
2014.08.07 18:58:04.401,1.21415,1.21425,1.69,1.25
2014.08.07 18:58:06.316,1.21415,1.21425,1.69,1.00
2014.08.07 18:58:10.623,1.21415,1.21425,1.69,1.25
2014.08.07 18:58:11.135,1.21415,1.21425,1.69,1.00
2014.08.07 18:58:16.266,1.21415,1.21425,2.44,1.00
2014.08.07 18:58:23.157,1.21415,1.21425,2.44,1.00
2014.08.07 18:58:25.265,1.21415,1.21425,2.44,1.00
2014.08.07 18:58:29.263,1.21415,1.21426,2.82,1.00
2014.08.07 18:58:33.309,1.21415,1.21426,2.82,1.25
2014.08.07 18:58:37.813,1.21415,1.21426,2.82,1.00
2014.08.07 18:58:39.530,1.21416,1.21427,1.19,2.44
2014.08.07 18:58:40.136,1.21418,1.21428,1.00,1.54
2014.08.07 18:58:40.641,1.21417,1.21428,1.69,3.04
2014.08.07 18:58:41.518,1.21417,1.21427,1.00,1.19
2014.08.07 18:58:42.703,1.21417,1.21427,1.25,1.25
2014.08.07 18:59:00.483,1.21417,1.21426,1.25,1.00
2014.08.07 18:59:00.990,1.21417,1.21427,1.25,2.07
2014.08.07 18:59:01.556,1.21417,1.21427,1.00,2.07
2014.08.07 18:59:02.071,1.21416,1.21427,1.25,2.82
2014.08.07 18:59:03.665,1.21416,1.21427,1.19,2.82
2014.08.07 18:59:04.794,1.21416,1.21427,1.25,2.82
2014.08.07 18:59:05.308,1.21415,1.21426,1.69,1.25
2014.08.07 18:59:06.967,1.21415,1.21426,2.44,1.25
2014.08.07 18:59:15.376,1.21417,1.21426,1.00,1.25
2014.08.07 18:59:16.377,1.21417,1.21427,1.25,1.25
2014.08.07 18:59:16.580,1.21419,1.21427,1.00,1.25
2014.08.07 18:59:17.087,1.21419,1.21429,1.00,1.19
2014.08.07 18:59:17.795,1.21419,1.2143,1.69,1.25
2014.08.07 18:59:18.302,1.2142,1.21431,1.00,2.44
2014.08.07 18:59:18.828,1.21421,1.21431,1.25,1.25
2014.08.07 18:59:23.499,1.2142,1.21431,1.38,2.07
2014.08.07 18:59:24.208,1.2142,1.21431,1.00,2.07
2014.08.07 18:59:24.823,1.2142,1.21431,1.00,2.82
2014.08.07 18:59:26.163,1.21419,1.2143,2.07,1.19
2014.08.07 18:59:26.680,1.2142,1.21431,1.00,2.82
2014.08.07 18:59:27.038,1.21418,1.21429,1.00,2.44
2014.08.07 18:59:27.709,1.21418,1.21427,1.00,1.00
2014.08.07 18:59:28.235,1.21415,1.21426,3.19,1.00
2014.08.07 18:59:28.752,1.21415,1.21426,2.07,1.19
2014.08.07 18:59:30.142,1.21415,1.21424,1.25,1.00
2014.08.07 18:59:35.785,1.21415,1.21424,1.19,1.00
2014.08.07 18:59:35.836,1.21415,1.21426,1.19,1.69
2014.08.07 18:59:36.795,1.21417,1.21427,1.00,1.19
2014.08.07 18:59:37.328,1.21416,1.21427,1.69,1.19
2014.08.07 18:59:38.036,1.21417,1.21427,1.00,1.19
2014.08.07 18:59:39.733,1.21416,1.21425,1.25,1.00
2014.08.07 18:59:40.391,1.21414,1.21424,2.82,1.00
2014.08.07 18:59:40.606,1.21416,1.21426,2.07,1.00
2014.08.07 18:59:41.114,1.21417,1.21426,1.69,1.00
2014.08.07 18:59:41.924,1.21417,1.21426,1.69,1.00
2014.08.07 18:59:45.070,1.21418,1.21427,2.07,1.00
2014.08.07 18:59:45.576,1.21418,1.21428,2.07,1.00
2014.08.07 18:59:46.142,1.21418,1.21428,1.32,1.25
2014.08.07 18:59:47.130,1.21418,1.21429,2.07,1.25
2014.08.07 18:59:47.697,1.21418,1.21428,1.32,1.00
2014.08.07 18:59:48.231,1.2142,1.2143,1.00,1.69
2014.08.07 18:59:48.758,1.21419,1.2143,1.25,2.44
2014.08.07 18:59:49.739,1.21418,1.21427,1.25,1.00
2014.08.07 18:59:50.247,1.21416,1.21427,2.07,1.69
2014.08.07 18:59:51.432,1.21416,1.21427,1.88,1.69
2014.08.07 18:59:53.583,1.21416,1.21426,1.00,1.69
2014.08.07 18:59:55.178,1.21415,1.21426,1.50,1.69
2014.08.07 18:59:55.582,1.21415,1.21426,1.69,1.25
2014.08.07 18:59:55.634,1.21418,1.21428,1.00,1.69
2014.08.07 18:59:55.736,1.21416,1.21427,1.00,1.50
2014.08.07 18:59:55.837,1.21418,1.21427,1.00,1.25
2014.08.07 18:59:56.159,1.21416,1.21425,1.19,1.00
2014.08.07 18:59:56.268,1.21416,1.21427,1.69,1.00
2014.08.07 18:59:56.776,1.21418,1.21429,1.00,1.69
2014.08.07 18:59:56.979,1.21416,1.21427,1.25,1.00
2014.08.07 18:59:57.816,1.21417,1.21428,1.00,1.69
2014.08.07 18:59:58.272,1.21417,1.21428,1.00,1.69
2014.08.07 18:59:59.136,1.21416,1.21427,1.00,1.19
2014.08.07 18:59:59.646,1.21417,1.21428,1.00,1.69
