2014.10.30 03:00:07.690,1.2061,1.20628,1.00,1.84
2014.10.30 03:00:10.217,1.2061,1.20628,1.10,2.59
2014.10.30 03:01:10.317,1.2061,1.20628,1.00,2.44
2014.10.30 03:01:11.197,1.2061,1.20628,1.25,1.69
2014.10.30 03:01:13.502,1.2061,1.20627,1.00,1.19
2014.10.30 03:01:14.008,1.2061,1.20626,1.00,1.19
2014.10.30 03:01:15.667,1.20609,1.20626,1.50,1.19
2014.10.30 03:01:16.382,1.20609,1.20626,1.69,1.19
2014.10.30 03:01:16.888,1.20609,1.20626,1.50,1.19
2014.10.30 03:01:23.857,1.2061,1.20626,1.00,1.19
2014.10.30 03:01:38.457,1.20609,1.20626,1.50,1.19
2014.10.30 03:01:44.697,1.20609,1.20626,1.00,1.69
2014.10.30 03:01:45.683,1.20609,1.20626,1.00,1.19
2014.10.30 03:01:47.688,1.20609,1.20626,1.00,1.69
2014.10.30 03:01:48.426,1.20607,1.20626,1.25,1.69
2014.10.30 03:01:54.743,1.20607,1.20626,1.19,1.19
2014.10.30 03:02:23.776,1.20607,1.20626,1.25,1.19
2014.10.30 03:02:24.778,1.20607,1.20626,1.19,1.19
2014.10.30 03:02:34.032,1.20609,1.20627,1.00,1.69
2014.10.30 03:02:39.113,1.20609,1.20626,1.00,1.19
2014.10.30 03:02:49.240,1.2061,1.20625,1.00,1.69
2014.10.30 03:02:50.556,1.20609,1.20625,1.00,1.69
2014.10.30 03:02:52.395,1.2061,1.20625,1.00,1.69
2014.10.30 03:02:52.936,1.20609,1.20625,1.00,1.69
2014.10.30 03:02:53.449,1.2061,1.20625,1.00,1.69
2014.10.30 03:02:54.485,1.20609,1.20625,1.00,1.69
2014.10.30 03:02:55.049,1.2061,1.20625,1.00,1.69
2014.10.30 03:02:56.502,1.20609,1.20625,1.00,2.44
2014.10.30 03:02:57.008,1.2061,1.20625,1.00,2.44
2014.10.30 03:02:58.687,1.20609,1.20625,1.10,1.84
2014.10.30 03:02:59.194,1.2061,1.20625,1.00,1.84
2014.10.30 03:03:34.857,1.20609,1.20625,1.10,1.84
2014.10.30 03:03:40.242,1.20609,1.20626,1.17,2.59
2014.10.30 03:03:40.795,1.20609,1.20626,1.17,1.84
2014.10.30 03:03:41.667,1.20609,1.20626,1.17,2.59
2014.10.30 03:03:50.712,1.20609,1.20626,1.17,1.84
2014.10.30 03:03:53.091,1.20609,1.20626,1.17,2.59
2014.10.30 03:03:56.198,1.20609,1.20626,1.17,2.59
2014.10.30 03:03:57.247,1.20609,1.20626,1.17,2.59
2014.10.30 03:04:15.497,1.20609,1.20626,1.00,2.59
2014.10.30 03:04:26.084,1.20608,1.20626,1.10,2.59
2014.10.30 03:04:36.257,1.20607,1.20625,1.15,2.59
2014.10.30 03:04:36.758,1.20607,1.20625,1.40,2.59
2014.10.30 03:04:41.409,1.20607,1.20624,1.32,1.34
2014.10.30 03:04:41.460,1.20607,1.20624,1.10,1.84
2014.10.30 03:04:41.574,1.20609,1.20624,1.00,1.84
2014.10.30 03:04:42.081,1.2061,1.20624,1.00,1.34
2014.10.30 03:04:42.616,1.20609,1.20624,1.00,1.34
2014.10.30 03:04:53.564,1.20608,1.20624,1.00,1.34
2014.10.30 03:04:58.717,1.20609,1.20624,1.00,1.34
2014.10.30 03:05:02.169,1.20609,1.20624,1.00,1.34
2014.10.30 03:05:05.415,1.20608,1.20624,1.10,1.34
2014.10.30 03:05:42.815,1.20609,1.20625,1.00,1.84
2014.10.30 03:05:44.841,1.20608,1.20626,1.76,2.59
2014.10.30 03:05:45.564,1.20609,1.20626,1.00,2.59
2014.10.30 03:06:02.188,1.20609,1.20626,1.00,3.19
2014.10.30 03:06:07.875,1.20609,1.20626,1.25,3.19
2014.10.30 03:06:12.888,1.20609,1.20626,1.00,3.19
2014.10.30 03:06:14.893,1.20609,1.20626,1.25,3.19
2014.10.30 03:06:17.902,1.20609,1.20626,1.00,3.19
2014.10.30 03:06:23.917,1.20609,1.20626,1.25,3.19
2014.10.30 03:06:25.970,1.20609,1.20626,1.00,3.19
2014.10.30 03:06:26.580,1.20609,1.20626,1.10,3.34
2014.10.30 03:06:47.201,1.20609,1.20626,1.00,1.34
2014.10.30 03:07:08.191,1.20609,1.20626,1.10,1.34
2014.10.30 03:07:32.147,1.20609,1.20625,1.15,1.76
2014.10.30 03:07:32.655,1.20609,1.20626,1.15,2.59
2014.10.30 03:07:33.322,1.20609,1.20626,1.15,1.84
2014.10.30 03:07:41.337,1.20609,1.20626,1.40,1.84
2014.10.30 03:07:42.328,1.20609,1.20626,1.15,1.84
2014.10.30 03:07:47.441,1.20609,1.20626,1.15,2.59
2014.10.30 03:07:48.414,1.20609,1.20626,1.15,1.84
2014.10.30 03:07:56.585,1.2061,1.20628,1.84,1.84
2014.10.30 03:07:56.891,1.20609,1.20626,1.10,1.34
2014.10.30 03:07:57.453,1.2061,1.20626,1.00,1.34
2014.10.30 03:08:07.678,1.2061,1.20626,1.07,1.34
2014.10.30 03:08:15.519,1.2061,1.20626,1.00,1.34
2014.10.30 03:08:21.012,1.20611,1.20626,1.00,1.34
2014.10.30 03:08:23.431,1.2061,1.20626,1.00,1.34
2014.10.30 03:08:26.775,1.20609,1.20626,1.10,1.34
2014.10.30 03:08:28.860,1.2061,1.20626,1.00,1.34
2014.10.30 03:08:36.155,1.2061,1.20626,1.10,1.34
2014.10.30 03:09:32.111,1.20609,1.20626,1.17,1.34
2014.10.30 03:09:33.712,1.20609,1.20627,1.17,1.84
2014.10.30 03:09:36.250,1.20608,1.20626,1.25,1.19
2014.10.30 03:09:41.696,1.20608,1.20626,1.00,1.19
2014.10.30 03:09:58.187,1.20608,1.20625,1.10,2.59
2014.10.30 03:10:18.265,1.20606,1.20624,2.21,1.36
2014.10.30 03:10:24.139,1.2061,1.20625,1.00,1.34
2014.10.30 03:10:24.803,1.20608,1.20626,1.09,1.34
2014.10.30 03:11:00.621,1.20609,1.20626,1.09,1.26
2014.10.30 03:11:00.672,1.20609,1.20626,1.40,1.29
2014.10.30 03:11:01.583,1.20608,1.20626,1.34,1.84
2014.10.30 03:11:12.326,1.20608,1.20626,1.15,2.59
2014.10.30 03:11:13.335,1.20608,1.20626,1.40,1.84
2014.10.30 03:11:22.283,1.20609,1.20626,1.40,1.36
2014.10.30 03:12:22.298,1.20608,1.20627,1.19,1.19
2014.10.30 03:13:26.173,1.20607,1.20627,1.84,1.34
2014.10.30 03:14:26.254,1.20608,1.20628,1.19,2.44
2014.10.30 03:14:37.206,1.20608,1.20627,1.25,1.69
2014.10.30 03:14:41.318,1.20608,1.20628,3.19,2.44
2014.10.30 03:15:06.405,1.20608,1.20628,1.69,2.44
2014.10.30 03:15:11.619,1.20608,1.20628,1.69,2.44
2014.10.30 03:15:45.593,1.20608,1.20628,1.69,2.44
2014.10.30 03:15:53.609,1.20609,1.20628,1.19,1.19
2014.10.30 03:15:54.611,1.20609,1.20628,1.25,1.69
2014.10.30 03:16:00.667,1.20609,1.20628,1.19,1.69
2014.10.30 03:16:11.850,1.20609,1.20628,1.25,1.69
2014.10.30 03:16:34.808,1.20609,1.20628,1.19,1.69
2014.10.30 03:16:36.816,1.20609,1.20628,1.25,1.69
2014.10.30 03:16:37.939,1.20609,1.20628,1.19,1.19
2014.10.30 03:16:38.948,1.20609,1.20628,1.25,1.69
2014.10.30 03:16:41.929,1.20609,1.20628,1.19,1.69
2014.10.30 03:16:57.892,1.20609,1.20628,1.25,1.69
2014.10.30 03:16:59.915,1.20609,1.20629,1.19,3.19
2014.10.30 03:17:15.432,1.20609,1.20627,1.19,1.26
2014.10.30 03:17:16.199,1.20609,1.20627,1.01,1.34
2014.10.30 03:17:36.235,1.20609,1.20627,1.17,1.84
2014.10.30 03:17:57.279,1.20609,1.20627,1.84,2.59
2014.10.30 03:18:57.252,1.20609,1.20628,1.25,1.69
2014.10.30 03:18:58.239,1.20609,1.20628,1.09,1.84
2014.10.30 03:19:58.329,1.2061,1.20628,1.25,1.19
2014.10.30 03:20:00.710,1.2061,1.20628,1.19,1.19
2014.10.30 03:20:01.712,1.2061,1.20628,1.25,1.19
2014.10.30 03:20:06.724,1.2061,1.20628,1.00,1.69
2014.10.30 03:20:08.751,1.2061,1.20628,1.25,1.69
2014.10.30 03:20:15.746,1.2061,1.20628,1.00,1.69
2014.10.30 03:20:16.748,1.2061,1.20628,1.25,1.19
2014.10.30 03:20:21.214,1.2061,1.20628,1.25,1.26
2014.10.30 03:20:27.976,1.20609,1.20628,1.01,1.84
2014.10.30 03:20:31.886,1.20609,1.20628,1.29,1.34
2014.10.30 03:20:45.901,1.20609,1.20628,1.01,1.84
2014.10.30 03:20:50.730,1.20609,1.20628,1.29,1.34
2014.10.30 03:21:02.758,1.20609,1.20628,1.29,1.34
2014.10.30 03:21:03.760,1.20609,1.20628,1.29,1.34
2014.10.30 03:21:07.592,1.20609,1.20628,1.01,1.84
2014.10.30 03:21:21.249,1.20609,1.20628,1.25,1.69
2014.10.30 03:22:02.827,1.20609,1.20628,1.19,1.69
2014.10.30 03:22:03.826,1.20609,1.20628,1.25,1.69
2014.10.30 03:22:05.898,1.2061,1.20627,1.00,1.19
2014.10.30 03:22:06.403,1.20609,1.20627,1.25,1.69
2014.10.30 03:22:07.277,1.20609,1.20627,1.00,2.44
2014.10.30 03:22:15.874,1.20609,1.20627,1.25,1.69
2014.10.30 03:22:20.982,1.2061,1.20627,1.00,1.19
2014.10.30 03:22:21.765,1.20609,1.20627,1.19,1.19
2014.10.30 03:22:22.784,1.20609,1.20627,1.25,2.44
2014.10.30 03:22:24.198,1.20609,1.20627,1.32,1.26
2014.10.30 03:23:05.198,1.20609,1.20627,1.34,1.34
2014.10.30 03:24:05.210,1.20609,1.20628,1.19,1.19
2014.10.30 03:24:06.200,1.20609,1.20628,1.36,1.34
2014.10.30 03:24:48.161,1.2061,1.20628,1.09,1.34
2014.10.30 03:25:08.185,1.2061,1.20628,1.09,1.34
2014.10.30 03:25:19.817,1.20611,1.20628,1.00,1.34
2014.10.30 03:25:23.631,1.20609,1.20628,3.34,1.34
2014.10.30 03:25:30.652,1.20609,1.20628,3.34,1.34
2014.10.30 03:25:31.625,1.20609,1.20628,3.34,1.34
2014.10.30 03:25:45.688,1.2061,1.20629,1.29,1.84
2014.10.30 03:25:47.644,1.2061,1.20629,1.01,2.59
2014.10.30 03:25:48.186,1.20611,1.20629,1.00,1.84
2014.10.30 03:25:50.137,1.20611,1.20629,1.10,1.84
2014.10.30 03:26:50.204,1.20611,1.20628,1.00,1.26
2014.10.30 03:27:08.889,1.20611,1.20629,1.19,1.19
2014.10.30 03:27:08.991,1.20611,1.20629,1.00,1.19
2014.10.30 03:27:09.346,1.20611,1.20629,1.19,1.19
2014.10.30 03:27:09.851,1.2061,1.20627,2.44,1.19
2014.10.30 03:27:10.357,1.20611,1.2063,1.69,3.19
2014.10.30 03:27:11.189,1.20611,1.2063,1.84,4.46
2014.10.30 03:27:11.493,1.2061,1.20628,1.36,1.84
2014.10.30 03:27:51.227,1.20611,1.20628,1.57,1.34
2014.10.30 03:27:52.178,1.20612,1.20629,1.09,1.34
2014.10.30 03:28:31.926,1.20612,1.20629,1.00,1.84
2014.10.30 03:28:32.180,1.20611,1.20629,1.84,1.34
2014.10.30 03:28:59.329,1.2061,1.20628,1.40,2.59
2014.10.30 03:29:00.296,1.20611,1.20628,1.40,2.59
2014.10.30 03:29:06.350,1.20612,1.20628,1.17,2.59
2014.10.30 03:29:07.365,1.20612,1.20628,1.17,2.59
2014.10.30 03:29:13.184,1.20612,1.20628,1.10,1.84
2014.10.30 03:29:33.197,1.20611,1.20627,1.40,1.76
2014.10.30 03:29:52.193,1.2061,1.20628,1.36,1.84
2014.10.30 03:29:52.244,1.2061,1.20628,1.36,1.84
2014.10.30 03:29:55.663,1.2061,1.20628,1.36,1.84
2014.10.30 03:29:56.169,1.20612,1.20629,1.09,1.34
2014.10.30 03:29:57.899,1.20611,1.20627,1.09,1.32
2014.10.30 03:29:58.412,1.20611,1.20627,1.01,1.40
2014.10.30 03:30:07.531,1.20611,1.20628,1.07,2.59
2014.10.30 03:30:08.055,1.20611,1.20628,1.40,2.59
2014.10.30 03:30:09.619,1.2061,1.20627,1.15,1.57
2014.10.30 03:30:10.127,1.20611,1.20626,1.10,1.36
2014.10.30 03:30:10.279,1.20609,1.20626,2.32,1.34
2014.10.30 03:30:10.786,1.2061,1.20628,1.00,2.59
2014.10.30 03:30:11.292,1.20611,1.20628,1.00,1.34
2014.10.30 03:30:11.834,1.20612,1.20628,1.00,1.34
2014.10.30 03:30:12.341,1.20611,1.20627,1.00,2.59
2014.10.30 03:30:12.647,1.20611,1.20627,1.10,2.59
2014.10.30 03:30:28.081,1.2061,1.20627,1.17,3.34
2014.10.30 03:30:29.766,1.20609,1.20626,1.65,1.36
2014.10.30 03:30:30.590,1.20609,1.20627,1.84,2.59
2014.10.30 03:30:30.793,1.20612,1.20627,1.17,1.29
2014.10.30 03:30:30.894,1.20612,1.20627,1.17,1.01
2014.10.30 03:30:33.305,1.20612,1.20627,1.17,1.29
2014.10.30 03:30:33.508,1.20611,1.20627,1.10,2.59
2014.10.30 03:30:35.298,1.20612,1.20627,1.00,1.34
2014.10.30 03:30:35.818,1.20611,1.20627,1.10,1.34
2014.10.30 03:30:38.060,1.20612,1.20628,1.00,1.84
2014.10.30 03:30:40.607,1.20612,1.20627,1.17,2.51
2014.10.30 03:30:46.542,1.20612,1.20628,1.17,1.84
2014.10.30 03:30:48.521,1.20612,1.20628,1.17,1.84
2014.10.30 03:30:51.577,1.20612,1.20628,1.17,1.36
2014.10.30 03:30:59.784,1.20611,1.20627,1.15,2.51
2014.10.30 03:31:00.757,1.2061,1.20627,1.84,2.51
2014.10.30 03:31:01.567,1.20611,1.20627,1.15,1.76
2014.10.30 03:31:05.094,1.20612,1.2063,1.09,1.34
2014.10.30 03:31:05.550,1.20612,1.2063,2.59,1.36
2014.10.30 03:31:05.753,1.20612,1.2063,1.09,3.34
2014.10.30 03:31:12.234,1.20612,1.20629,1.17,2.59
2014.10.30 03:31:13.226,1.20611,1.2063,1.76,3.34
2014.10.30 03:31:13.631,1.20612,1.2063,1.09,4.09
2014.10.30 03:31:14.304,1.20611,1.20628,1.76,1.84
2014.10.30 03:31:14.825,1.20612,1.20628,1.25,1.84
2014.10.30 03:31:15.932,1.20612,1.20628,1.17,1.84
2014.10.30 03:31:46.212,1.20612,1.2063,1.84,2.59
2014.10.30 03:32:05.011,1.20612,1.20628,1.32,1.84
2014.10.30 03:32:05.062,1.20612,1.20628,1.10,1.84
2014.10.30 03:32:05.568,1.20611,1.20625,1.17,1.00
2014.10.30 03:32:08.140,1.20611,1.20625,1.00,1.15
2014.10.30 03:32:08.241,1.2061,1.20626,1.84,1.01
2014.10.30 03:32:43.813,1.20611,1.20628,1.40,1.19
2014.10.30 03:32:43.915,1.20611,1.20627,1.40,1.01
2014.10.30 03:32:44.422,1.20612,1.20626,1.09,1.00
2014.10.30 03:32:44.929,1.20612,1.20627,1.25,1.15
2014.10.30 03:32:46.195,1.20611,1.20627,1.01,1.40
2014.10.30 03:32:55.886,1.20612,1.20627,1.00,1.34
2014.10.30 03:32:57.207,1.20611,1.20627,1.01,1.40
2014.10.30 03:32:58.957,1.20612,1.20628,1.00,1.84
2014.10.30 03:32:59.642,1.20611,1.20627,1.01,1.40
2014.10.30 03:33:06.210,1.20612,1.20628,1.00,1.84
2014.10.30 03:33:21.079,1.20611,1.20628,1.01,1.84
2014.10.30 03:33:29.428,1.20612,1.20628,1.00,1.84
2014.10.30 03:33:44.629,1.20612,1.20628,1.00,1.69
2014.10.30 03:33:46.186,1.20612,1.20628,1.10,1.84
2014.10.30 03:34:46.371,1.20611,1.20629,1.25,1.19
2014.10.30 03:34:57.706,1.20611,1.20629,1.00,1.69
2014.10.30 03:34:58.459,1.2061,1.20629,1.25,1.69
2014.10.30 03:34:58.966,1.2061,1.20629,1.19,1.19
2014.10.30 03:35:00.348,1.2061,1.20629,1.25,1.69
2014.10.30 03:35:02.961,1.20611,1.20629,1.00,3.19
2014.10.30 03:35:03.475,1.20611,1.20629,1.25,3.19
2014.10.30 03:35:09.839,1.20611,1.20629,1.01,2.59
2014.10.30 03:35:14.961,1.2061,1.20629,1.09,1.84
2014.10.30 03:35:15.468,1.20612,1.2063,1.09,1.34
2014.10.30 03:35:21.161,1.20612,1.20631,1.01,1.34
2014.10.30 03:35:23.451,1.20611,1.20629,1.01,1.34
2014.10.30 03:35:30.033,1.20612,1.20628,1.00,1.34
2014.10.30 03:35:36.003,1.20611,1.20627,1.01,1.40
2014.10.30 03:35:36.307,1.20612,1.2063,1.17,2.21
2014.10.30 03:35:56.131,1.20612,1.2063,1.20,1.84
2014.10.30 03:36:04.843,1.20612,1.20628,1.10,1.34
2014.10.30 03:36:05.249,1.20612,1.20629,1.09,1.34
2014.10.30 03:36:08.589,1.20612,1.2063,1.34,1.36
2014.10.30 03:36:08.893,1.20612,1.2063,1.01,1.84
2014.10.30 03:36:09.197,1.20613,1.2063,2.40,1.34
2014.10.30 03:36:09.503,1.20613,1.2063,1.00,1.34
2014.10.30 03:36:09.858,1.20613,1.2063,1.17,1.34
2014.10.30 03:36:16.706,1.20612,1.2063,1.15,2.59
2014.10.30 03:36:18.390,1.20612,1.20629,1.17,1.36
2014.10.30 03:36:18.492,1.20612,1.20629,1.40,1.36
2014.10.30 03:36:22.607,1.20612,1.20629,1.09,1.36
2014.10.30 03:36:23.114,1.20612,1.20629,1.01,1.34
2014.10.30 03:36:32.441,1.20613,1.20629,1.00,1.34
2014.10.30 03:36:35.893,1.20613,1.20629,1.17,1.36
2014.10.30 03:36:35.944,1.20613,1.20629,1.00,1.34
2014.10.30 03:36:36.452,1.20612,1.20627,1.01,1.17
2014.10.30 03:36:37.111,1.20613,1.20629,1.00,1.84
2014.10.30 03:36:40.308,1.20613,1.2063,1.32,1.34
2014.10.30 03:36:40.830,1.20613,1.2063,1.17,1.34
2014.10.30 03:36:45.556,1.20613,1.2063,1.00,1.34
2014.10.30 03:36:46.173,1.20612,1.2063,1.01,1.34
2014.10.30 03:36:50.020,1.20612,1.2063,1.40,1.34
2014.10.30 03:37:02.134,1.20613,1.20629,1.17,1.36
2014.10.30 03:37:02.288,1.20612,1.20629,1.10,1.34
2014.10.30 03:37:42.343,1.20612,1.20629,1.09,1.36
2014.10.30 03:37:42.408,1.20612,1.20629,1.40,1.36
2014.10.30 03:37:57.877,1.20612,1.20629,1.76,1.34
2014.10.30 03:38:08.831,1.20612,1.20629,2.51,1.40
2014.10.30 03:38:09.396,1.20613,1.20629,1.09,1.09
2014.10.30 03:38:30.024,1.20613,1.20629,1.01,1.40
2014.10.30 03:38:39.226,1.20614,1.20629,1.00,1.40
2014.10.30 03:38:40.220,1.20612,1.20629,1.09,1.34
2014.10.30 03:38:50.235,1.20612,1.20629,1.76,1.34
2014.10.30 03:38:57.797,1.20612,1.20629,1.40,1.84
2014.10.30 03:39:39.028,1.20613,1.2063,1.10,1.84
2014.10.30 03:40:21.260,1.20613,1.2063,1.69,1.34
2014.10.30 03:40:42.279,1.20613,1.20629,1.00,1.84
2014.10.30 03:41:30.954,1.20613,1.2063,1.32,1.84
2014.10.30 03:41:31.461,1.20613,1.20629,1.00,1.34
2014.10.30 03:41:38.147,1.20612,1.20629,1.01,1.84
2014.10.30 03:41:38.654,1.20613,1.20629,1.00,1.84
2014.10.30 03:41:39.962,1.20613,1.20629,1.07,1.34
2014.10.30 03:41:40.469,1.20613,1.20628,1.00,1.40
2014.10.30 03:41:42.270,1.20613,1.20629,1.07,1.34
2014.10.30 03:41:42.830,1.20613,1.20629,1.17,1.36
2014.10.30 03:42:02.365,1.20612,1.20629,1.15,2.59
2014.10.30 03:42:02.871,1.20611,1.2063,2.59,2.59
2014.10.30 03:42:23.107,1.20612,1.2063,2.59,1.84
2014.10.30 03:42:44.268,1.20612,1.2063,2.59,1.34
2014.10.30 03:42:48.678,1.20612,1.2063,1.36,1.40
2014.10.30 03:42:49.185,1.20613,1.20629,1.01,1.40
2014.10.30 03:42:56.966,1.20612,1.20629,1.25,1.84
2014.10.30 03:43:00.790,1.20611,1.20627,1.01,1.40
2014.10.30 03:43:05.722,1.20611,1.20629,1.29,1.84
2014.10.30 03:43:05.978,1.20611,1.20629,1.34,1.84
2014.10.30 03:43:25.608,1.20612,1.20629,1.00,1.84
2014.10.30 03:43:26.184,1.20611,1.20629,1.01,1.84
2014.10.30 03:43:30.394,1.20611,1.20629,1.09,1.84
2014.10.30 03:43:30.445,1.20611,1.20627,1.40,1.01
2014.10.30 03:43:30.952,1.20612,1.20628,1.10,1.36
2014.10.30 03:43:32.000,1.20611,1.20629,1.01,1.84
2014.10.30 03:43:38.975,1.20611,1.20628,1.17,1.36
2014.10.30 03:43:39.026,1.20611,1.20629,1.40,1.84
2014.10.30 03:43:41.088,1.20612,1.20628,1.32,1.40
2014.10.30 03:43:41.544,1.20611,1.20629,1.01,1.84
2014.10.30 03:43:42.307,1.20611,1.20629,1.09,1.84
2014.10.30 03:43:42.358,1.20611,1.20629,1.40,1.84
2014.10.30 03:43:43.294,1.20611,1.20629,1.26,1.84
2014.10.30 03:43:43.801,1.20611,1.20629,1.29,1.84
2014.10.30 03:43:44.353,1.20611,1.20629,1.01,1.84
2014.10.30 03:43:49.254,1.20611,1.20629,1.40,1.34
2014.10.30 03:44:03.761,1.20611,1.20628,1.32,1.34
2014.10.30 03:44:03.812,1.20611,1.20628,1.01,1.34
2014.10.30 03:44:05.137,1.20611,1.20628,1.29,1.40
2014.10.30 03:44:14.438,1.2061,1.20628,1.36,1.84
2014.10.30 03:44:24.237,1.20611,1.20628,1.09,1.84
2014.10.30 03:45:02.375,1.20611,1.20629,1.84,2.59
2014.10.30 03:45:02.886,1.20611,1.20628,1.34,1.76
2014.10.30 03:45:04.052,1.20611,1.20628,1.40,2.51
2014.10.30 03:45:05.650,1.20611,1.20628,1.40,2.51
2014.10.30 03:45:06.204,1.20611,1.20628,1.09,2.59
2014.10.30 03:45:38.612,1.20612,1.20628,1.40,1.76
2014.10.30 03:45:50.105,1.20612,1.20629,1.26,2.59
2014.10.30 03:45:50.207,1.20612,1.20629,1.01,4.09
2014.10.30 03:46:05.267,1.20611,1.20627,1.01,1.09
2014.10.30 03:46:09.289,1.20611,1.20627,1.07,1.34
2014.10.30 03:46:10.042,1.20611,1.20627,1.17,1.36
2014.10.30 03:47:09.357,1.20612,1.20629,1.00,3.94
2014.10.30 03:47:11.174,1.20612,1.20629,1.07,4.01
2014.10.30 03:47:47.218,1.20612,1.20629,1.17,4.09
2014.10.30 03:47:47.746,1.20612,1.20629,1.40,3.26
2014.10.30 03:47:49.434,1.20612,1.20629,1.84,1.76
2014.10.30 03:47:58.930,1.20612,1.20629,1.40,1.76
2014.10.30 03:48:01.520,1.20612,1.20629,2.59,1.76
2014.10.30 03:48:02.028,1.20612,1.20629,1.09,2.59
2014.10.30 03:48:35.070,1.20612,1.20627,1.01,1.07
2014.10.30 03:48:35.577,1.20612,1.20629,1.32,2.59
2014.10.30 03:48:36.084,1.20612,1.20629,3.34,2.59
2014.10.30 03:48:42.269,1.20611,1.20629,1.32,2.59
2014.10.30 03:48:42.777,1.20611,1.20629,1.40,2.59
2014.10.30 03:48:43.472,1.20611,1.20629,1.32,2.59
2014.10.30 03:48:43.523,1.20611,1.20629,1.01,2.59
2014.10.30 03:48:44.065,1.20611,1.20629,1.29,2.59
2014.10.30 03:48:44.694,1.20611,1.20629,1.34,3.34
2014.10.30 03:48:46.629,1.20612,1.20629,1.32,2.59
2014.10.30 03:48:47.169,1.20611,1.20629,1.34,2.59
2014.10.30 03:49:47.203,1.20611,1.20628,1.25,1.69
2014.10.30 03:49:48.455,1.20611,1.20627,1.00,1.19
2014.10.30 03:49:49.565,1.20611,1.20628,1.25,1.69
2014.10.30 03:50:04.254,1.20612,1.20629,1.00,1.19
2014.10.30 03:50:04.759,1.20611,1.20629,1.25,1.19
2014.10.30 03:50:07.512,1.2061,1.20629,1.19,1.19
2014.10.30 03:50:08.184,1.2061,1.20629,1.26,1.26
2014.10.30 03:50:08.781,1.2061,1.20629,1.34,1.34
2014.10.30 03:50:29.248,1.20611,1.20629,1.40,2.59
2014.10.30 03:50:37.408,1.20611,1.20629,1.32,2.59
2014.10.30 03:50:37.459,1.20611,1.20628,1.01,1.34
2014.10.30 03:50:37.864,1.20611,1.20627,1.40,1.01
2014.10.30 03:50:38.388,1.20611,1.20626,1.40,1.00
2014.10.30 03:50:38.896,1.20611,1.20628,1.40,1.36
2014.10.30 03:50:57.472,1.20612,1.2063,1.32,3.34
2014.10.30 03:50:57.675,1.20611,1.20627,1.76,1.40
2014.10.30 03:50:58.811,1.20611,1.20627,1.76,1.09
2014.10.30 03:50:59.331,1.20611,1.20629,1.84,1.34
2014.10.30 03:51:10.683,1.20611,1.20627,1.15,1.29
2014.10.30 03:51:11.652,1.20611,1.20627,1.40,1.01
2014.10.30 03:51:12.667,1.2061,1.20627,1.40,1.29
2014.10.30 03:51:19.208,1.2061,1.20627,1.40,1.26
2014.10.30 03:51:49.643,1.20609,1.20626,1.84,1.29
2014.10.30 03:51:51.645,1.20611,1.20626,1.17,1.01
2014.10.30 03:51:53.670,1.20611,1.20626,1.17,1.29
2014.10.30 03:51:59.802,1.20611,1.20627,1.17,2.59
2014.10.30 03:52:04.670,1.20611,1.20627,1.17,2.59
2014.10.30 03:52:06.675,1.20611,1.20627,1.17,2.59
2014.10.30 03:52:15.219,1.20611,1.20627,1.17,2.59
2014.10.30 03:52:16.196,1.20611,1.20627,1.17,2.59
2014.10.30 03:52:18.205,1.20611,1.20625,1.17,1.25
2014.10.30 03:52:19.309,1.20611,1.20625,1.00,1.25
2014.10.30 03:52:19.854,1.2061,1.20625,1.00,1.25
2014.10.30 03:52:21.093,1.2061,1.20625,1.07,1.01
2014.10.30 03:52:35.942,1.2061,1.20625,1.15,1.25
2014.10.30 03:52:58.151,1.2061,1.20625,1.15,1.01
2014.10.30 03:52:58.456,1.20609,1.20625,1.09,1.32
2014.10.30 03:52:58.609,1.20611,1.20626,1.10,1.36
2014.10.30 03:52:58.761,1.20611,1.20626,1.07,1.29
2014.10.30 03:52:59.597,1.20611,1.20629,1.84,1.34
2014.10.30 03:53:00.065,1.20611,1.20627,1.09,2.51
2014.10.30 03:53:00.618,1.20611,1.20626,1.01,1.17
2014.10.30 03:53:35.315,1.20611,1.20627,1.34,1.10
2014.10.30 03:53:36.369,1.20611,1.20625,1.34,1.00
2014.10.30 03:53:36.876,1.20611,1.20627,1.15,2.51
2014.10.30 03:53:37.617,1.20611,1.20627,1.40,1.01
2014.10.30 03:54:35.329,1.20611,1.20628,1.19,1.25
2014.10.30 03:54:49.712,1.20611,1.20628,1.25,1.19
2014.10.30 03:54:53.824,1.20611,1.20628,1.01,1.26
2014.10.30 03:55:53.820,1.20611,1.20628,1.25,1.76
2014.10.30 03:55:54.448,1.20611,1.20628,1.25,1.69
2014.10.30 03:55:55.115,1.20611,1.20628,1.00,1.69
2014.10.30 03:56:04.252,1.20611,1.20628,1.25,1.69
2014.10.30 03:56:09.101,1.2061,1.20628,1.25,1.19
2014.10.30 03:56:18.980,1.20611,1.20628,1.00,1.19
2014.10.30 03:56:21.765,1.2061,1.20628,1.25,1.19
2014.10.30 03:56:22.274,1.2061,1.20628,1.19,1.19
2014.10.30 03:56:23.103,1.2061,1.20628,1.25,1.19
2014.10.30 03:56:40.268,1.2061,1.20628,1.25,1.84
2014.10.30 03:56:47.052,1.20611,1.20628,1.00,1.84
2014.10.30 03:56:49.341,1.20611,1.20627,1.10,2.59
2014.10.30 03:56:49.442,1.20611,1.20628,1.00,1.84
2014.10.30 03:56:49.950,1.2061,1.20628,1.50,1.84
2014.10.30 03:56:50.460,1.20611,1.20628,1.25,1.34
2014.10.30 03:56:50.741,1.20611,1.20628,1.01,1.34
2014.10.30 03:56:57.733,1.2061,1.20628,1.69,1.34
2014.10.30 03:56:58.479,1.2061,1.20628,1.69,1.34
2014.10.30 03:57:05.538,1.2061,1.20629,1.19,2.59
2014.10.30 03:57:10.470,1.2061,1.20627,1.65,1.84
2014.10.30 03:57:16.457,1.20611,1.20627,1.00,1.34
2014.10.30 03:57:16.665,1.20609,1.20627,1.76,1.34
2014.10.30 03:57:18.976,1.2061,1.20627,1.00,1.84
2014.10.30 03:57:31.166,1.20609,1.20627,1.57,1.84
2014.10.30 03:57:31.757,1.2061,1.20627,1.00,1.84
2014.10.30 03:57:35.809,1.20609,1.20625,1.10,1.34
2014.10.30 03:57:35.911,1.20609,1.20624,1.50,1.84
2014.10.30 03:57:36.012,1.20609,1.20626,1.50,2.59
2014.10.30 03:57:36.554,1.2061,1.20626,1.00,2.59
2014.10.30 03:57:37.641,1.2061,1.20626,1.17,1.84
2014.10.30 03:57:38.148,1.2061,1.20626,1.84,1.09
2014.10.30 03:57:59.351,1.2061,1.20627,1.17,3.34
2014.10.30 03:58:03.366,1.2061,1.20626,1.17,1.84
2014.10.30 03:58:05.361,1.20609,1.20626,1.65,1.84
2014.10.30 03:58:13.063,1.20609,1.20626,1.40,2.59
2014.10.30 03:58:14.065,1.20609,1.20626,1.15,2.59
2014.10.30 03:58:17.476,1.20609,1.20626,1.40,2.59
2014.10.30 03:58:19.173,1.2061,1.20626,1.57,1.84
2014.10.30 03:58:21.319,1.20611,1.20626,1.00,1.84
2014.10.30 03:58:22.760,1.2061,1.20626,1.10,1.84
2014.10.30 03:58:26.699,1.20609,1.20626,1.65,2.59
2014.10.30 03:58:27.701,1.20609,1.20626,1.65,1.84
2014.10.30 03:58:28.230,1.20611,1.20625,1.00,1.36
2014.10.30 03:58:28.281,1.20609,1.20624,1.00,1.40
2014.10.30 03:58:28.788,1.20609,1.20624,2.40,1.01
2014.10.30 03:58:44.090,1.2061,1.20626,1.76,1.09
2014.10.30 03:58:44.639,1.2061,1.20627,2.59,1.36
2014.10.30 03:59:07.143,1.2061,1.20627,2.40,1.36
2014.10.30 03:59:08.123,1.2061,1.20627,2.59,1.36
2014.10.30 03:59:17.160,1.2061,1.20626,1.17,1.26
2014.10.30 03:59:17.414,1.2061,1.20627,1.84,1.36
2014.10.30 03:59:20.051,1.20611,1.20627,1.17,1.36
2014.10.30 03:59:21.143,1.20611,1.20627,1.17,1.36
2014.10.30 03:59:41.891,1.20611,1.20627,1.17,1.36
2014.10.30 03:59:51.061,1.2061,1.20627,1.40,1.36
2014.10.30 03:59:58.043,1.2061,1.20627,1.15,1.36
2014.10.30 03:59:59.225,1.20611,1.20627,1.17,1.39
