2013.04.30 22:00:00.203,1.22391,1.22421,0.75,0.75
2013.04.30 22:00:00.510,1.22394,1.22422,0.75,0.75
2013.04.30 22:00:00.819,1.22394,1.22417,0.75,0.75
2013.04.30 22:00:01.000,1.22397,1.22421,0.75,0.75
2013.04.30 22:00:01.552,1.22395,1.22423,2.25,2.25
2013.04.30 22:00:01.860,1.22397,1.22425,2.25,2.25
2013.04.30 22:00:05.609,1.22394,1.22424,2.25,2.25
2013.04.30 22:00:11.709,1.2239,1.22424,2.25,2.25
2013.04.30 22:00:40.601,1.2239,1.22423,2.25,0.38
2013.04.30 22:00:42.258,1.2239,1.22424,2.25,2.25
2013.04.30 22:00:43.719,1.2239,1.22423,2.25,1.50
2013.04.30 22:00:43.783,1.22389,1.22421,2.25,1.50
2013.04.30 22:00:44.088,1.22385,1.22417,3.00,2.25
2013.04.30 22:00:53.070,1.22386,1.2242,2.25,2.25
2013.04.30 22:01:00.560,1.22386,1.22417,2.25,0.15
2013.04.30 22:01:00.919,1.22386,1.2242,2.25,2.25
2013.04.30 22:01:02.139,1.22386,1.22417,2.25,0.15
2013.04.30 22:01:03.519,1.22386,1.22416,2.25,0.75
2013.04.30 22:01:03.880,1.22379,1.224,2.25,0.75
2013.04.30 22:01:10.681,1.22379,1.22413,2.25,2.25
2013.04.30 22:01:22.790,1.22379,1.22412,3.75,0.75
2013.04.30 22:01:23.301,1.22379,1.22413,2.25,2.25
2013.04.30 22:01:23.420,1.22377,1.22411,3.75,2.25
2013.04.30 22:01:23.963,1.22378,1.22411,1.50,2.25
2013.04.30 22:01:24.474,1.22377,1.22411,3.75,2.25
2013.04.30 22:01:25.224,1.22378,1.22411,1.50,2.25
2013.04.30 22:01:26.271,1.22377,1.22411,3.75,2.25
2013.04.30 22:01:27.520,1.22378,1.22411,1.50,2.25
2013.04.30 22:01:28.120,1.22377,1.22411,3.75,2.25
2013.04.30 22:01:32.681,1.22379,1.22411,1.50,2.25
2013.04.30 22:01:34.850,1.22382,1.22411,1.50,2.25
2013.04.30 22:01:35.401,1.22381,1.22411,1.50,2.25
2013.04.30 22:01:36.050,1.2238,1.22411,1.50,2.25
2013.04.30 22:01:37.203,1.22378,1.22411,1.50,2.25
2013.04.30 22:01:39.300,1.22379,1.22411,1.50,2.25
2013.04.30 22:01:39.820,1.2238,1.22411,1.50,2.25
2013.04.30 22:01:40.810,1.22377,1.22411,3.75,2.25
2013.04.30 22:01:41.710,1.22379,1.22411,1.50,2.25
2013.04.30 22:01:42.440,1.2238,1.22411,1.50,2.25
2013.04.30 22:01:43.126,1.22379,1.22411,1.50,2.25
2013.04.30 22:01:44.360,1.2238,1.22411,1.50,2.25
2013.04.30 22:01:45.829,1.22379,1.22411,1.50,2.25
2013.04.30 22:01:50.320,1.22378,1.22411,1.50,2.25
2013.04.30 22:01:51.724,1.2238,1.22411,1.50,2.25
2013.04.30 22:01:57.717,1.22381,1.22411,1.50,2.25
2013.04.30 22:01:58.540,1.22377,1.22411,2.25,3.00
2013.04.30 22:01:58.660,1.2238,1.2241,1.50,2.25
2013.04.30 22:01:58.969,1.2238,1.22408,1.50,2.25
2013.04.30 22:01:59.926,1.22379,1.22408,1.50,2.25
2013.04.30 22:02:00.752,1.2238,1.22408,1.50,2.25
2013.04.30 22:02:01.360,1.22379,1.22408,1.50,2.25
2013.04.30 22:02:03.118,1.22376,1.22408,2.25,2.25
2013.04.30 22:02:04.960,1.22377,1.22408,1.50,2.25
2013.04.30 22:02:06.152,1.22376,1.22408,2.25,2.25
2013.04.30 22:02:18.330,1.22392,1.22408,0.75,2.25
2013.04.30 22:02:18.751,1.22384,1.22407,0.15,2.25
2013.04.30 22:02:18.811,1.22373,1.22407,2.48,2.25
2013.04.30 22:02:19.690,1.22374,1.22407,0.75,2.25
2013.04.30 22:02:19.753,1.22376,1.22408,2.25,2.25
2013.04.30 22:02:28.220,1.22377,1.22408,1.50,2.25
2013.04.30 22:02:29.040,1.22376,1.22408,3.75,2.25
2013.04.30 22:02:29.350,1.22389,1.22406,0.15,2.25
2013.04.30 22:02:31.770,1.22386,1.22406,0.75,2.25
2013.04.30 22:02:32.130,1.2238,1.22406,0.15,2.25
2013.04.30 22:02:32.250,1.22377,1.22406,0.38,2.25
2013.04.30 22:02:32.372,1.22374,1.22406,3.23,2.25
2013.04.30 22:02:35.031,1.22374,1.22398,2.48,0.15
2013.04.30 22:02:35.652,1.22371,1.22389,0.75,0.75
2013.04.30 22:02:35.735,1.2237,1.22401,3.00,0.75
2013.04.30 22:02:36.459,1.2237,1.22404,3.75,2.25
2013.04.30 22:02:40.797,1.22371,1.22404,1.50,2.25
2013.04.30 22:02:40.985,1.22373,1.22405,2.25,2.25
2013.04.30 22:02:43.921,1.22374,1.22405,1.50,2.25
2013.04.30 22:02:44.740,1.22373,1.22405,3.75,2.25
2013.04.30 22:02:45.301,1.22374,1.22405,1.50,2.25
2013.04.30 22:02:45.935,1.22373,1.22405,3.75,2.25
2013.04.30 22:02:49.572,1.22374,1.22405,1.50,2.25
2013.04.30 22:02:50.860,1.22377,1.22405,1.50,2.25
2013.04.30 22:02:51.222,1.22386,1.22407,0.15,2.25
2013.04.30 22:02:51.581,1.22388,1.22407,0.75,2.25
2013.04.30 22:02:52.280,1.22385,1.22407,0.15,2.25
2013.04.30 22:02:54.180,1.22381,1.22407,0.15,2.25
2013.04.30 22:02:54.240,1.22377,1.22407,0.38,2.25
2013.04.30 22:02:54.360,1.22377,1.22409,2.25,2.25
2013.04.30 22:02:55.504,1.22386,1.22409,0.15,2.25
2013.04.30 22:02:56.173,1.22386,1.22408,0.15,2.25
2013.04.30 22:02:56.990,1.22386,1.22409,0.15,2.25
2013.04.30 22:03:05.430,1.22381,1.22409,0.75,2.25
2013.04.30 22:03:05.670,1.22377,1.22409,2.25,2.25
2013.04.30 22:03:17.061,1.22378,1.2241,2.25,2.25
2013.04.30 22:03:17.616,1.22377,1.22411,3.00,2.25
2013.04.30 22:03:21.720,1.22378,1.22411,1.50,2.25
2013.04.30 22:03:23.740,1.22377,1.22411,3.00,2.25
2013.04.30 22:03:24.722,1.22378,1.22411,1.50,2.25
2013.04.30 22:03:25.507,1.22377,1.22411,4.50,2.25
2013.04.30 22:03:27.470,1.2238,1.22411,1.50,2.25
2013.04.30 22:03:29.251,1.22382,1.22411,1.50,2.25
2013.04.30 22:03:30.850,1.22377,1.22411,4.50,2.25
2013.04.30 22:03:31.470,1.22383,1.22411,0.23,2.25
2013.04.30 22:03:31.650,1.22384,1.22413,2.25,0.38
2013.04.30 22:03:36.828,1.22384,1.22411,2.25,0.38
2013.04.30 22:03:40.061,1.22382,1.22411,2.25,0.38
2013.04.30 22:03:40.121,1.2238,1.22411,2.25,1.13
2013.04.30 22:03:40.362,1.22379,1.22405,2.25,0.75
2013.04.30 22:03:40.422,1.22376,1.22405,2.25,0.75
2013.04.30 22:03:40.541,1.22378,1.22405,2.25,0.75
2013.04.30 22:03:40.601,1.22378,1.2241,2.25,2.25
2013.04.30 22:03:40.720,1.2238,1.22411,2.25,0.38
2013.04.30 22:03:41.080,1.22377,1.22409,2.25,2.25
2013.04.30 22:03:42.251,1.22377,1.22406,2.25,0.38
2013.04.30 22:03:43.337,1.22377,1.22409,2.25,2.25
2013.04.30 22:03:44.386,1.22378,1.22411,2.25,1.69
2013.04.30 22:03:44.454,1.22388,1.22411,0.15,1.69
2013.04.30 22:03:44.582,1.22388,1.22413,0.15,3.00
2013.04.30 22:03:44.641,1.22388,1.22415,0.15,2.25
2013.04.30 22:03:44.701,1.22388,1.22412,0.15,3.00
2013.04.30 22:03:44.762,1.2238,1.22412,2.25,3.00
2013.04.30 22:03:44.883,1.22377,1.22411,2.25,3.00
2013.04.30 22:03:45.012,1.22377,1.22409,2.25,0.75
2013.04.30 22:03:45.369,1.22376,1.22405,2.25,0.15
2013.04.30 22:03:55.734,1.22378,1.22405,2.25,0.15
2013.04.30 22:03:55.801,1.22378,1.22409,2.25,0.15
2013.04.30 22:03:56.281,1.2238,1.22412,2.25,3.19
2013.04.30 22:04:00.930,1.2238,1.2241,2.25,0.75
2013.04.30 22:04:01.051,1.22375,1.22409,2.25,2.25
2013.04.30 22:04:01.112,1.22374,1.22406,2.25,2.25
2013.04.30 22:04:38.240,1.22379,1.22411,2.25,2.25
2013.04.30 22:04:45.960,1.22379,1.22411,2.25,3.75
2013.04.30 22:04:52.761,1.22379,1.22411,2.48,3.75
2013.04.30 22:04:53.122,1.22379,1.22411,4.50,1.50
2013.04.30 22:04:53.311,1.22379,1.22411,2.48,1.50
2013.04.30 22:04:54.082,1.22379,1.22413,2.48,3.75
2013.04.30 22:04:54.342,1.22379,1.22413,3.00,3.75
2013.04.30 22:04:54.896,1.22379,1.22413,3.15,4.69
2013.04.30 22:04:55.202,1.22379,1.22413,2.25,3.75
2013.04.30 22:04:56.711,1.22377,1.22411,2.40,2.63
2013.04.30 22:04:57.230,1.22377,1.22411,2.40,3.00
2013.04.30 22:04:58.820,1.22375,1.22408,2.25,2.25
2013.04.30 22:04:58.881,1.22373,1.22407,2.25,2.25
2013.04.30 22:04:59.181,1.22375,1.22409,2.25,2.63
2013.04.30 22:05:00.025,1.22375,1.22409,2.25,2.63
2013.04.30 22:05:00.728,1.22375,1.22409,2.25,2.25
2013.04.30 22:05:28.842,1.22373,1.22407,3.00,2.25
2013.04.30 22:05:29.321,1.22373,1.22407,3.38,2.25
2013.04.30 22:05:29.390,1.22375,1.22409,2.40,3.00
2013.04.30 22:05:42.061,1.22374,1.22406,2.40,2.25
2013.04.30 22:05:44.612,1.22374,1.22406,3.90,2.25
2013.04.30 22:05:56.150,1.22374,1.22406,3.90,2.25
2013.04.30 22:05:56.522,1.22376,1.22408,2.40,2.25
2013.04.30 22:06:22.541,1.22376,1.22408,2.25,2.63
2013.04.30 22:06:25.511,1.22376,1.22408,2.25,2.63
2013.04.30 22:06:35.692,1.22376,1.22408,3.75,2.63
2013.04.30 22:06:47.140,1.22376,1.22408,2.25,2.25
2013.04.30 22:06:50.220,1.22376,1.22408,2.25,2.63
2013.04.30 22:06:51.400,1.22376,1.22408,2.25,2.25
2013.04.30 22:06:53.561,1.22376,1.22408,3.00,2.25
2013.04.30 22:06:53.920,1.22381,1.22413,3.23,3.94
2013.04.30 22:06:54.460,1.22381,1.22413,2.48,3.19
2013.04.30 22:06:57.870,1.22381,1.22413,2.25,3.94
2013.04.30 22:06:57.990,1.22378,1.22412,2.25,2.25
2013.04.30 22:07:11.521,1.22378,1.22412,2.25,3.00
2013.04.30 22:07:11.943,1.22376,1.22408,3.75,2.25
2013.04.30 22:07:31.741,1.22374,1.22408,2.25,2.25
2013.04.30 22:07:36.490,1.22375,1.22408,1.50,2.25
2013.04.30 22:07:37.281,1.22374,1.22408,3.75,2.25
2013.04.30 22:07:58.291,1.22375,1.22408,1.50,2.63
2013.04.30 22:07:59.371,1.22374,1.22408,4.50,2.63
2013.04.30 22:08:05.331,1.22375,1.22408,1.50,2.63
2013.04.30 22:08:05.832,1.22375,1.22408,1.50,3.00
2013.04.30 22:08:06.502,1.22376,1.22408,1.50,3.00
2013.04.30 22:08:06.845,1.22374,1.22408,4.50,3.00
2013.04.30 22:08:06.972,1.22376,1.22409,2.25,3.00
2013.04.30 22:08:09.962,1.22376,1.2241,2.25,4.50
2013.04.30 22:08:12.056,1.22379,1.2241,2.25,1.50
2013.04.30 22:08:12.822,1.22379,1.22411,2.25,3.57
2013.04.30 22:08:13.891,1.22377,1.22409,3.00,2.25
2013.04.30 22:08:22.471,1.22378,1.22412,2.25,3.00
2013.04.30 22:08:23.269,1.22376,1.2241,3.00,2.63
2013.04.30 22:08:26.561,1.22379,1.22411,2.25,2.63
2013.04.30 22:08:34.492,1.22379,1.22411,2.25,2.63
2013.04.30 22:08:38.579,1.22379,1.2241,2.25,1.50
2013.04.30 22:08:38.718,1.22377,1.22409,2.25,3.00
2013.04.30 22:08:38.786,1.22375,1.22407,2.25,2.25
2013.04.30 22:08:41.662,1.22375,1.22407,2.25,2.63
2013.04.30 22:08:47.375,1.22375,1.22403,2.25,1.13
2013.04.30 22:08:47.502,1.22372,1.22403,2.25,1.13
2013.04.30 22:08:47.742,1.22374,1.22402,2.25,1.13
2013.04.30 22:08:47.802,1.22372,1.22405,2.25,2.25
2013.04.30 22:08:47.981,1.22374,1.22406,2.25,2.25
2013.04.30 22:08:52.232,1.22374,1.22406,3.00,3.00
2013.04.30 22:08:52.472,1.2238,1.22412,3.00,2.22
2013.04.30 22:08:53.057,1.2238,1.22412,3.00,1.69
2013.04.30 22:08:53.330,1.2238,1.22414,3.00,3.00
2013.04.30 22:08:53.450,1.2238,1.22414,3.00,3.75
2013.04.30 22:08:53.631,1.22376,1.22408,3.75,2.40
2013.04.30 22:08:54.171,1.22376,1.22408,3.00,2.25
2013.04.30 22:08:59.391,1.22378,1.2241,2.25,4.50
2013.04.30 22:09:04.141,1.22378,1.2241,3.00,2.25
2013.04.30 22:09:04.678,1.2238,1.22411,2.25,1.69
2013.04.30 22:09:08.581,1.22378,1.2241,4.50,2.25
2013.04.30 22:09:25.581,1.22379,1.22412,2.25,3.15
2013.04.30 22:09:31.102,1.22379,1.22412,2.25,2.07
2013.04.30 22:09:31.411,1.22376,1.22408,2.25,3.15
2013.04.30 22:09:36.855,1.22372,1.22404,2.25,2.25
2013.04.30 22:09:41.904,1.22372,1.22401,2.25,1.13
2013.04.30 22:10:00.202,1.22372,1.224,2.25,1.28
2013.04.30 22:10:31.092,1.22372,1.224,2.25,1.28
2013.04.30 22:10:36.879,1.2237,1.224,1.88,1.28
2013.04.30 22:10:53.298,1.2237,1.224,1.88,1.28
2013.04.30 22:11:31.052,1.2237,1.22403,1.88,1.13
2013.04.30 22:11:31.112,1.22373,1.22405,1.50,1.84
2013.04.30 22:11:31.471,1.22375,1.22401,2.25,1.13
2013.04.30 22:11:31.532,1.22374,1.22407,3.00,1.43
2013.04.30 22:11:31.592,1.22374,1.22407,3.00,1.65
2013.04.30 22:11:31.651,1.22374,1.22407,3.00,1.65
2013.04.30 22:11:31.891,1.22374,1.22399,3.00,1.13
2013.04.30 22:11:32.798,1.22372,1.22399,2.25,1.13
2013.04.30 22:11:32.863,1.22372,1.22403,3.00,1.13
2013.04.30 22:11:34.011,1.22371,1.22403,4.50,3.38
2013.04.30 22:11:44.770,1.22371,1.22399,2.25,1.13
2013.04.30 22:11:44.951,1.22371,1.22399,2.25,1.13
2013.04.30 22:11:45.011,1.22371,1.22402,3.00,1.28
2013.04.30 22:11:45.560,1.22372,1.22403,2.25,1.13
2013.04.30 22:11:49.082,1.22372,1.22406,2.25,3.68
2013.04.30 22:11:49.141,1.22375,1.22406,2.25,2.93
2013.04.30 22:11:49.890,1.22376,1.22409,2.25,1.13
2013.04.30 22:11:50.691,1.22376,1.2241,2.25,2.25
2013.04.30 22:11:50.872,1.22379,1.22411,2.25,2.25
2013.04.30 22:11:51.173,1.22379,1.22411,2.25,3.38
2013.04.30 22:11:51.792,1.22377,1.22409,2.25,2.63
2013.04.30 22:11:53.451,1.22378,1.2241,2.25,1.88
2013.04.30 22:12:01.212,1.22377,1.22409,2.25,2.63
2013.04.30 22:12:01.331,1.22374,1.22408,6.00,2.40
2013.04.30 22:12:01.453,1.22377,1.22409,2.25,2.63
2013.04.30 22:12:15.061,1.22379,1.22411,2.25,4.65
2013.04.30 22:12:21.380,1.22377,1.22409,2.25,2.63
2013.04.30 22:12:22.182,1.22377,1.22409,2.25,2.40
2013.04.30 22:12:28.391,1.22379,1.22411,2.25,3.38
2013.04.30 22:12:32.367,1.22377,1.22411,2.25,3.38
2013.04.30 22:12:35.332,1.22377,1.2241,2.25,1.13
2013.04.30 22:12:35.393,1.22375,1.22406,2.25,1.28
2013.04.30 22:12:36.423,1.22375,1.22409,2.25,3.00
2013.04.30 22:12:36.481,1.22375,1.22409,2.25,2.63
2013.04.30 22:12:36.662,1.22375,1.22405,2.25,1.13
2013.04.30 22:12:40.803,1.22375,1.22406,3.00,1.13
2013.04.30 22:12:41.268,1.22379,1.22408,2.25,1.13
2013.04.30 22:12:41.332,1.22379,1.2241,2.25,1.65
2013.04.30 22:12:41.392,1.22379,1.22408,2.25,1.13
2013.04.30 22:12:41.512,1.22376,1.22408,2.25,1.13
2013.04.30 22:12:46.123,1.22376,1.2241,2.25,2.63
2013.04.30 22:12:46.482,1.22376,1.2241,2.25,2.63
2013.04.30 22:12:46.851,1.22374,1.22408,2.25,3.75
2013.04.30 22:12:48.301,1.22374,1.22408,2.25,2.25
2013.04.30 22:12:55.993,1.22374,1.22408,2.25,3.00
2013.04.30 22:13:01.281,1.22374,1.22408,3.75,3.00
2013.04.30 22:13:01.602,1.22377,1.22409,2.25,3.00
2013.04.30 22:13:21.972,1.22375,1.22409,2.25,3.38
2013.04.30 22:13:36.921,1.22376,1.22409,1.50,3.38
2013.04.30 22:13:36.982,1.22378,1.22409,1.50,2.63
2013.04.30 22:13:37.371,1.22378,1.22406,1.50,2.25
2013.04.30 22:13:48.802,1.22378,1.22406,1.50,2.25
2013.04.30 22:13:49.043,1.22375,1.22407,2.25,2.25
2013.04.30 22:13:49.104,1.22373,1.22406,2.25,2.40
2013.04.30 22:13:49.573,1.22381,1.22406,1.50,2.25
2013.04.30 22:13:49.935,1.22378,1.22411,1.50,3.38
2013.04.30 22:13:50.002,1.22376,1.22408,3.00,2.63
2013.04.30 22:13:50.062,1.22375,1.22409,3.15,2.25
2013.04.30 22:13:50.124,1.22378,1.22409,1.50,2.25
2013.04.30 22:13:50.191,1.22378,1.22411,1.50,3.00
2013.04.30 22:13:50.312,1.22378,1.22411,1.50,3.38
2013.04.30 22:13:50.371,1.22377,1.22409,2.25,1.13
2013.04.30 22:13:50.491,1.22375,1.22409,2.25,3.38
2013.04.30 22:13:59.753,1.22379,1.2241,2.25,1.05
2013.04.30 22:14:00.113,1.22388,1.22419,2.25,2.40
2013.04.30 22:14:00.233,1.22388,1.2242,2.25,2.44
2013.04.30 22:14:00.474,1.22388,1.2242,2.25,2.25
2013.04.30 22:14:20.402,1.22388,1.2242,3.00,2.25
2013.04.30 22:14:20.642,1.22392,1.22422,3.75,2.25
2013.04.30 22:14:20.702,1.22392,1.22426,3.75,3.15
2013.04.30 22:14:21.591,1.22392,1.22426,3.74,2.40
2013.04.30 22:14:23.513,1.22392,1.22426,3.74,3.15
2013.04.30 22:14:25.524,1.22392,1.22426,4.49,2.40
2013.04.30 22:14:26.029,1.22393,1.22426,1.49,3.15
2013.04.30 22:14:26.699,1.22393,1.22426,1.49,2.40
2013.04.30 22:14:28.591,1.22393,1.22426,1.49,3.15
2013.04.30 22:14:29.282,1.22393,1.22426,1.49,2.40
2013.04.30 22:14:30.171,1.22394,1.22426,1.50,2.40
2013.04.30 22:14:34.557,1.22393,1.22426,3.00,2.40
2013.04.30 22:14:35.103,1.22394,1.22426,1.50,3.15
2013.04.30 22:14:35.471,1.22394,1.22421,1.50,1.13
2013.04.30 22:14:35.711,1.22393,1.22426,3.75,2.40
2013.04.30 22:14:36.291,1.22394,1.22426,2.25,2.40
2013.04.30 22:14:36.735,1.22393,1.22426,1.50,2.63
2013.04.30 22:14:38.373,1.22392,1.22426,3.00,2.63
2013.04.30 22:14:40.152,1.22392,1.22426,3.00,3.38
2013.04.30 22:14:40.758,1.22392,1.22426,3.00,2.63
2013.04.30 22:14:43.351,1.22394,1.22426,1.50,2.63
2013.04.30 22:14:45.891,1.22393,1.22426,3.75,2.63
2013.04.30 22:14:46.429,1.22393,1.22426,3.75,2.63
2013.04.30 22:14:46.911,1.22392,1.22426,2.25,5.63
2013.04.30 22:14:46.972,1.22391,1.2242,2.25,2.25
2013.04.30 22:14:47.094,1.22393,1.22424,3.75,2.25
2013.04.30 22:14:47.213,1.22392,1.22424,3.00,3.00
2013.04.30 22:14:47.271,1.22389,1.22423,5.25,3.00
2013.04.30 22:14:47.511,1.22391,1.22423,2.25,2.40
2013.04.30 22:14:47.832,1.22391,1.22418,2.25,1.65
2013.04.30 22:14:47.892,1.22388,1.22418,2.25,1.65
2013.04.30 22:14:50.391,1.22388,1.2242,2.25,3.00
2013.04.30 22:14:50.512,1.22388,1.2242,2.25,2.25
2013.04.30 22:14:50.811,1.22386,1.22418,3.00,2.25
2013.04.30 22:14:51.362,1.22386,1.22418,2.25,2.25
2013.04.30 22:14:59.478,1.22383,1.22417,3.00,2.25
2013.04.30 22:15:08.543,1.2239,1.22419,2.25,2.25
2013.04.30 22:15:08.601,1.2239,1.22424,2.25,2.25
2013.04.30 22:15:08.782,1.22388,1.2242,2.25,2.25
2013.04.30 22:15:12.092,1.22393,1.2242,1.50,2.25
2013.04.30 22:15:12.331,1.22394,1.22425,1.50,3.00
2013.04.30 22:15:14.094,1.22393,1.22425,3.75,3.00
2013.04.30 22:15:14.632,1.22393,1.22426,3.75,3.00
2013.04.30 22:15:16.472,1.22394,1.22418,3.00,1.13
2013.04.30 22:15:18.442,1.22392,1.22418,3.00,1.13
2013.04.30 22:15:18.562,1.22392,1.22422,1.50,1.65
2013.04.30 22:15:18.622,1.22393,1.22422,1.50,3.00
2013.04.30 22:15:18.687,1.22393,1.22421,1.50,3.38
2013.04.30 22:15:18.992,1.22389,1.2242,3.00,1.28
2013.04.30 22:15:19.052,1.22389,1.2242,2.25,1.28
2013.04.30 22:15:20.991,1.22389,1.22421,2.25,2.40
2013.04.30 22:15:21.819,1.22389,1.22421,2.25,2.25
2013.04.30 22:15:22.421,1.22386,1.2242,3.00,2.25
2013.04.30 22:15:24.742,1.22386,1.2242,2.25,2.25
2013.04.30 22:15:37.324,1.22386,1.2242,2.25,3.00
2013.04.30 22:15:37.382,1.22384,1.22418,2.25,3.00
2013.04.30 22:15:37.441,1.22383,1.22415,2.25,2.25
2013.04.30 22:15:37.805,1.22384,1.22418,2.25,3.15
2013.04.30 22:15:38.312,1.22384,1.22418,2.25,2.25
2013.04.30 22:15:42.452,1.22384,1.22418,3.00,2.25
2013.04.30 22:15:42.633,1.22391,1.22421,1.50,2.25
2013.04.30 22:15:42.693,1.22389,1.22421,3.00,2.25
2013.04.30 22:15:42.754,1.22389,1.22421,2.25,3.00
2013.04.30 22:15:42.812,1.22387,1.22419,2.25,2.25
2013.04.30 22:15:56.342,1.22384,1.22418,3.00,2.25
2013.04.30 22:15:56.701,1.22385,1.22416,2.25,1.13
2013.04.30 22:16:04.942,1.22385,1.22416,2.25,1.13
2013.04.30 22:16:05.587,1.22385,1.22417,2.25,2.25
2013.04.30 22:16:10.033,1.22382,1.22416,2.25,5.25
2013.04.30 22:16:10.094,1.2238,1.22414,2.25,2.25
2013.04.30 22:16:15.602,1.22381,1.22415,2.25,3.19
2013.04.30 22:16:15.661,1.2238,1.22413,2.25,2.25
2013.04.30 22:16:16.239,1.22379,1.22413,2.25,2.25
2013.04.30 22:16:22.442,1.22382,1.22413,1.50,3.00
2013.04.30 22:16:23.252,1.22383,1.22414,1.50,2.40
2013.04.30 22:16:24.141,1.22383,1.22414,1.50,2.40
2013.04.30 22:16:24.643,1.22383,1.22414,1.50,2.25
2013.04.30 22:16:25.430,1.22383,1.22414,1.50,2.40
2013.04.30 22:16:25.891,1.2238,1.22414,3.75,3.00
2013.04.30 22:16:26.012,1.22382,1.22411,1.50,2.25
2013.04.30 22:16:26.253,1.22379,1.22411,2.25,2.25
2013.04.30 22:16:33.511,1.22379,1.22411,3.75,2.25
2013.04.30 22:16:33.572,1.2238,1.22411,1.50,2.25
2013.04.30 22:16:33.631,1.22382,1.22414,3.00,2.25
2013.04.30 22:16:34.192,1.22382,1.22416,3.75,2.63
2013.04.30 22:16:35.151,1.22382,1.22416,3.75,3.38
2013.04.30 22:16:36.771,1.22382,1.22416,5.25,2.63
2013.04.30 22:16:38.572,1.22382,1.22416,3.75,3.38
2013.04.30 22:16:39.171,1.22382,1.22416,2.25,3.38
2013.04.30 22:16:39.411,1.22383,1.22414,2.25,2.25
2013.04.30 22:16:39.538,1.22379,1.22411,2.25,2.25
2013.04.30 22:16:40.542,1.22379,1.22411,5.25,2.25
2013.04.30 22:16:40.602,1.22382,1.22413,1.50,2.25
2013.04.30 22:16:40.721,1.22383,1.22411,1.50,2.25
2013.04.30 22:16:40.841,1.22379,1.22411,3.00,2.25
2013.04.30 22:16:40.961,1.22379,1.22411,2.25,2.25
2013.04.30 22:17:00.931,1.22377,1.22411,2.25,3.00
2013.04.30 22:17:21.702,1.22378,1.22412,2.25,5.25
2013.04.30 22:17:22.401,1.22378,1.2241,2.25,1.50
2013.04.30 22:17:23.613,1.22378,1.2241,2.25,2.25
2013.04.30 22:17:24.377,1.22378,1.2241,3.00,2.25
2013.04.30 22:17:24.682,1.22384,1.22414,1.50,2.25
2013.04.30 22:17:26.092,1.22384,1.22416,1.50,6.00
2013.04.30 22:17:26.654,1.22383,1.22416,1.50,2.25
2013.04.30 22:17:27.621,1.22383,1.22416,1.50,2.25
2013.04.30 22:17:28.171,1.22383,1.22416,1.50,2.25
2013.04.30 22:17:28.685,1.22383,1.22416,1.50,2.25
2013.04.30 22:17:29.213,1.22383,1.22416,1.50,3.00
2013.04.30 22:17:30.390,1.22383,1.22416,1.50,2.25
2013.04.30 22:17:31.188,1.22383,1.22416,1.50,3.00
2013.04.30 22:17:31.771,1.22383,1.22416,1.50,2.25
2013.04.30 22:17:32.495,1.22384,1.22416,1.50,3.00
2013.04.30 22:17:35.672,1.22383,1.22416,1.50,2.25
2013.04.30 22:17:36.568,1.22383,1.22416,1.50,2.25
2013.04.30 22:17:39.481,1.22383,1.22416,1.50,2.25
2013.04.30 22:17:40.102,1.22383,1.22416,1.50,2.25
2013.04.30 22:17:41.322,1.22383,1.22416,1.50,2.25
2013.04.30 22:17:41.922,1.22383,1.22416,1.50,3.00
2013.04.30 22:17:43.531,1.22383,1.22416,1.50,2.25
2013.04.30 22:17:49.272,1.22383,1.22416,1.50,2.25
2013.04.30 22:17:50.532,1.22383,1.22416,1.50,2.25
2013.04.30 22:17:51.055,1.22384,1.22416,1.50,3.00
2013.04.30 22:17:51.643,1.22383,1.22416,1.50,2.25
2013.04.30 22:17:52.375,1.22383,1.22416,1.50,2.25
2013.04.30 22:17:55.191,1.22383,1.22416,1.50,2.25
2013.04.30 22:17:55.692,1.22383,1.22416,1.50,3.00
2013.04.30 22:17:59.734,1.22383,1.22416,1.50,2.25
2013.04.30 22:18:00.282,1.22383,1.22416,1.50,3.00
2013.04.30 22:18:02.312,1.22383,1.22416,1.50,2.25
2013.04.30 22:18:02.833,1.22384,1.22416,1.50,3.00
2013.04.30 22:18:03.913,1.22383,1.22416,1.50,2.25
2013.04.30 22:18:04.461,1.22384,1.22416,1.50,3.00
2013.04.30 22:18:05.021,1.22383,1.22416,1.50,2.25
2013.04.30 22:18:05.593,1.22383,1.22416,1.50,3.00
2013.04.30 22:18:07.391,1.22383,1.22416,1.50,2.25
2013.04.30 22:18:07.892,1.22383,1.22416,1.50,3.75
2013.04.30 22:18:08.412,1.22383,1.22416,1.50,3.00
2013.04.30 22:18:08.971,1.22384,1.22416,1.50,3.75
2013.04.30 22:18:11.602,1.22383,1.22416,1.50,2.25
2013.04.30 22:18:13.172,1.22383,1.22416,1.50,3.00
2013.04.30 22:18:14.082,1.22383,1.22416,1.50,3.00
2013.04.30 22:18:16.160,1.22383,1.22416,1.50,3.00
2013.04.30 22:18:17.811,1.22383,1.22416,1.50,3.00
2013.04.30 22:18:18.617,1.22383,1.22416,1.50,3.00
2013.04.30 22:18:20.481,1.22383,1.22416,1.50,3.00
2013.04.30 22:18:21.012,1.22383,1.22416,1.50,3.75
2013.04.30 22:18:24.884,1.22383,1.22416,1.50,2.25
2013.04.30 22:18:25.468,1.22383,1.22416,1.50,2.25
2013.04.30 22:18:26.128,1.22383,1.22419,1.50,1.50
2013.04.30 22:18:28.402,1.22383,1.22417,1.50,1.13
2013.04.30 22:18:29.117,1.22384,1.22416,3.75,3.38
2013.04.30 22:18:31.482,1.22384,1.22416,3.00,3.00
2013.04.30 22:18:38.563,1.22384,1.22411,3.00,1.13
2013.04.30 22:18:38.744,1.22376,1.22408,2.25,2.40
2013.04.30 22:18:39.346,1.22376,1.22408,2.25,2.25
2013.04.30 22:18:40.492,1.22378,1.2241,2.25,2.25
2013.04.30 22:18:55.464,1.22378,1.2241,3.00,2.25
2013.04.30 22:18:55.822,1.22384,1.22414,1.50,2.25
2013.04.30 22:18:55.950,1.22383,1.22416,1.50,3.75
2013.04.30 22:18:56.443,1.22382,1.22416,3.00,4.50
2013.04.30 22:18:56.503,1.22381,1.22411,3.00,2.25
2013.04.30 22:18:56.623,1.22379,1.22411,2.25,2.25
2013.04.30 22:18:57.163,1.22379,1.22411,2.25,2.63
2013.04.30 22:18:57.284,1.22377,1.22408,2.25,2.40
2013.04.30 22:18:57.532,1.22378,1.2241,2.25,2.25
2013.04.30 22:19:00.652,1.22376,1.22409,3.00,2.25
2013.04.30 22:19:01.290,1.22375,1.22409,2.25,2.25
2013.04.30 22:19:01.752,1.22377,1.22411,2.25,3.00
2013.04.30 22:19:09.672,1.22381,1.22411,2.25,2.25
2013.04.30 22:19:09.793,1.22381,1.22415,4.88,3.15
2013.04.30 22:19:10.341,1.22383,1.22415,1.50,2.40
2013.04.30 22:19:25.962,1.22384,1.22415,1.50,2.40
2013.04.30 22:19:34.085,1.22383,1.22415,4.50,2.40
2013.04.30 22:19:35.162,1.22384,1.22415,1.50,2.40
2013.04.30 22:19:38.682,1.22383,1.22415,4.50,2.40
2013.04.30 22:19:39.446,1.22383,1.22415,4.50,2.78
2013.04.30 22:19:40.457,1.22383,1.22415,4.50,2.78
2013.04.30 22:19:42.251,1.22384,1.22415,1.50,2.78
2013.04.30 22:19:45.643,1.22383,1.22415,4.50,2.40
2013.04.30 22:19:46.230,1.22383,1.22415,4.50,2.40
2013.04.30 22:19:49.773,1.22383,1.22415,4.50,2.40
2013.04.30 22:19:49.892,1.22385,1.22417,2.25,4.50
2013.04.30 22:20:14.792,1.22385,1.22414,2.25,1.13
2013.04.30 22:20:14.972,1.22381,1.22414,2.25,1.13
2013.04.30 22:20:30.270,1.22381,1.22415,2.25,2.63
2013.04.30 22:20:31.982,1.2238,1.22413,2.25,2.63
2013.04.30 22:20:32.482,1.2238,1.22413,1.50,2.63
2013.04.30 22:20:32.842,1.22384,1.22413,2.25,2.07
2013.04.30 22:20:33.402,1.22381,1.22413,5.25,3.38
2013.04.30 22:20:33.601,1.22381,1.22413,2.25,3.38
2013.04.30 22:20:34.292,1.22379,1.22411,3.00,2.40
2013.04.30 22:20:55.071,1.2238,1.22412,2.25,2.40
2013.04.30 22:20:57.533,1.2238,1.22412,3.00,2.25
2013.04.30 22:20:57.593,1.22381,1.22415,2.25,2.25
2013.04.30 22:20:59.321,1.22383,1.22416,2.25,2.25
2013.04.30 22:20:59.893,1.22383,1.22417,2.25,2.25
2013.04.30 22:21:20.163,1.22385,1.22417,2.25,2.25
2013.04.30 22:21:22.481,1.22385,1.22417,3.00,2.25
2013.04.30 22:21:22.842,1.22393,1.22419,3.00,1.09
2013.04.30 22:21:23.429,1.22393,1.22422,3.75,1.13
2013.04.30 22:21:27.621,1.22393,1.22422,3.75,1.13
2013.04.30 22:21:28.229,1.22393,1.22422,3.75,1.13
2013.04.30 22:21:31.001,1.22393,1.22423,3.75,1.13
2013.04.30 22:21:40.671,1.22393,1.22423,3.75,1.13
2013.04.30 22:21:44.513,1.22393,1.22423,3.75,1.13
2013.04.30 22:21:45.811,1.22393,1.22423,3.75,1.13
2013.04.30 22:21:47.121,1.22393,1.22423,3.75,1.13
2013.04.30 22:21:47.651,1.22393,1.22423,3.00,1.13
2013.04.30 22:21:58.141,1.22393,1.22423,3.00,1.13
2013.04.30 22:21:58.819,1.22393,1.22423,3.00,1.13
2013.04.30 22:22:01.311,1.22393,1.22423,3.00,1.13
2013.04.30 22:22:02.322,1.22393,1.22423,3.00,1.13
2013.04.30 22:22:03.146,1.22393,1.22423,3.75,1.13
2013.04.30 22:22:03.682,1.22393,1.22423,3.75,1.13
2013.04.30 22:22:04.468,1.22394,1.22423,2.25,1.13
2013.04.30 22:22:24.571,1.22392,1.22423,4.50,1.13
2013.04.30 22:22:25.493,1.22392,1.22423,3.75,1.13
2013.04.30 22:22:37.261,1.22392,1.22423,4.50,1.13
2013.04.30 22:22:38.582,1.22392,1.22424,3.75,1.13
2013.04.30 22:22:41.548,1.22393,1.22424,1.50,3.53
2013.04.30 22:22:46.402,1.22393,1.22424,1.50,3.53
2013.04.30 22:22:47.932,1.22393,1.22424,1.50,3.53
2013.04.30 22:22:48.507,1.22393,1.22424,1.50,3.53
2013.04.30 22:22:51.562,1.22393,1.22424,1.50,3.53
2013.04.30 22:22:52.172,1.22393,1.22424,1.50,3.53
2013.04.30 22:22:53.943,1.22393,1.22424,3.00,3.53
2013.04.30 22:22:54.486,1.22393,1.22424,6.00,1.28
2013.04.30 22:22:55.282,1.22393,1.22424,6.00,1.28
2013.04.30 22:22:57.001,1.22393,1.22424,6.00,1.28
2013.04.30 22:22:59.871,1.22393,1.22424,6.00,1.28
2013.04.30 22:23:00.361,1.22389,1.22421,2.25,2.40
2013.04.30 22:23:15.443,1.22392,1.22421,1.50,2.59
2013.04.30 22:23:15.751,1.22394,1.2242,3.00,2.59
2013.04.30 22:23:16.922,1.22394,1.22423,3.00,1.13
2013.04.30 22:23:27.161,1.22394,1.22423,3.00,1.13
2013.04.30 22:23:43.272,1.22393,1.22423,3.00,1.13
2013.04.30 22:23:44.550,1.22393,1.22423,3.00,1.13
2013.04.30 22:23:47.452,1.22393,1.22423,3.00,1.13
2013.04.30 22:23:49.669,1.22393,1.22423,3.00,1.13
2013.04.30 22:23:53.999,1.22393,1.22423,3.00,1.13
2013.04.30 22:23:57.162,1.22393,1.22423,3.00,1.13
2013.04.30 22:23:59.124,1.22393,1.22423,3.00,1.13
2013.04.30 22:23:59.992,1.22393,1.22423,3.00,1.13
2013.04.30 22:24:00.546,1.22393,1.22425,3.00,2.78
2013.04.30 22:24:01.402,1.22393,1.22425,3.00,2.78
2013.04.30 22:24:01.945,1.22394,1.22426,3.00,2.03
2013.04.30 22:24:11.651,1.22392,1.22426,4.50,3.15
2013.04.30 22:24:12.403,1.22393,1.22426,1.50,4.28
2013.04.30 22:24:14.312,1.22393,1.22426,1.50,3.15
2013.04.30 22:24:18.661,1.22393,1.22426,1.50,3.90
2013.04.30 22:24:21.672,1.22393,1.22426,1.50,2.78
2013.04.30 22:24:22.487,1.22393,1.22426,1.50,3.90
2013.04.30 22:24:25.321,1.22393,1.22426,1.50,2.78
2013.04.30 22:24:30.231,1.22394,1.22425,3.00,1.28
2013.04.30 22:24:32.642,1.22393,1.22425,3.00,3.53
2013.04.30 22:24:33.191,1.22393,1.22425,3.75,3.53
2013.04.30 22:24:36.453,1.22393,1.22425,3.75,3.15
2013.04.30 22:24:37.971,1.22393,1.22425,3.75,3.15
2013.04.30 22:24:38.512,1.22393,1.22425,5.25,3.15
2013.04.30 22:24:39.185,1.22393,1.22425,3.75,3.15
2013.04.30 22:24:44.791,1.22393,1.22425,3.75,3.15
2013.04.30 22:24:45.562,1.22393,1.22425,3.75,3.15
2013.04.30 22:24:47.541,1.22393,1.22425,3.75,3.15
2013.04.30 22:24:53.061,1.22394,1.22426,2.25,3.15
2013.04.30 22:24:59.762,1.22393,1.22425,1.50,1.65
2013.04.30 22:25:00.311,1.22393,1.22423,1.50,1.13
2013.04.30 22:25:00.942,1.22393,1.22423,1.50,1.13
2013.04.30 22:25:03.393,1.22393,1.22423,1.50,1.13
2013.04.30 22:25:03.922,1.22393,1.22423,1.50,1.13
2013.04.30 22:25:06.303,1.22393,1.22423,1.50,1.13
2013.04.30 22:25:07.019,1.22393,1.22423,1.50,1.13
2013.04.30 22:25:14.375,1.22393,1.22423,1.50,1.13
2013.04.30 22:25:15.140,1.22393,1.22423,1.50,1.13
2013.04.30 22:25:16.862,1.22393,1.22423,1.50,1.13
2013.04.30 22:25:19.403,1.22393,1.22423,1.50,1.13
2013.04.30 22:25:20.282,1.22393,1.22423,1.50,1.13
2013.04.30 22:25:22.961,1.22384,1.22409,2.25,1.13
2013.04.30 22:25:23.034,1.22381,1.22409,2.63,1.13
2013.04.30 22:25:23.093,1.22381,1.22409,2.25,1.13
2013.04.30 22:25:23.274,1.22379,1.22409,4.13,1.13
2013.04.30 22:25:23.572,1.22379,1.22409,1.88,1.13
2013.04.30 22:25:28.222,1.2238,1.22408,1.88,1.13
2013.04.30 22:25:32.782,1.22379,1.2241,1.88,1.13
2013.04.30 22:26:08.522,1.2238,1.22409,1.88,1.13
2013.04.30 22:26:09.454,1.22379,1.22409,1.88,1.13
2013.04.30 22:26:23.760,1.22379,1.22411,1.88,1.50
2013.04.30 22:26:26.344,1.22379,1.22409,1.88,1.13
2013.04.30 22:27:15.405,1.2238,1.22409,1.88,3.38
2013.04.30 22:27:16.681,1.22379,1.22408,1.88,1.13
2013.04.30 22:27:20.194,1.22379,1.22408,1.88,1.13
2013.04.30 22:27:40.194,1.22379,1.22407,1.88,1.50
2013.04.30 22:27:41.202,1.22379,1.22406,1.88,2.25
2013.04.30 22:27:41.563,1.2238,1.22403,1.88,1.50
2013.04.30 22:27:41.883,1.2238,1.22398,1.88,1.13
2013.04.30 22:27:48.446,1.2238,1.22398,1.88,1.13
2013.04.30 22:27:52.764,1.2238,1.22405,1.88,1.13
2013.04.30 22:27:53.002,1.2238,1.22406,4.13,1.50
2013.04.30 22:27:53.062,1.2238,1.22406,4.13,1.50
2013.04.30 22:27:53.242,1.2238,1.22408,1.88,2.59
2013.04.30 22:27:53.781,1.22379,1.2241,4.88,1.13
2013.04.30 22:28:01.492,1.22382,1.2241,2.25,1.13
2013.04.30 22:28:03.562,1.2238,1.22409,3.00,1.28
2013.04.30 22:28:04.223,1.22379,1.22409,4.88,1.28
2013.04.30 22:28:04.781,1.22379,1.22408,4.13,1.13
2013.04.30 22:28:17.552,1.2238,1.22408,1.88,1.13
2013.04.30 22:28:25.371,1.2238,1.22409,1.88,1.13
2013.04.30 22:28:25.612,1.2238,1.22411,1.88,4.13
2013.04.30 22:28:38.897,1.2238,1.22411,1.88,4.65
2013.04.30 22:29:03.584,1.22379,1.22409,1.88,1.50
2013.04.30 22:29:29.805,1.22379,1.22408,4.13,1.13
2013.04.30 22:29:35.925,1.22379,1.22408,4.13,1.13
2013.04.30 22:29:40.492,1.2238,1.22409,1.88,1.65
2013.04.30 22:29:41.325,1.22379,1.22409,4.13,1.28
2013.04.30 22:29:58.952,1.22377,1.22409,2.25,3.38
2013.04.30 22:30:00.183,1.22378,1.22409,3.19,1.13
2013.04.30 22:30:02.063,1.2238,1.22409,1.69,1.13
2013.04.30 22:30:02.243,1.22382,1.22413,4.50,1.50
2013.04.30 22:30:02.364,1.22382,1.22413,2.25,3.38
2013.04.30 22:30:02.915,1.22382,1.22409,1.50,1.13
2013.04.30 22:30:03.066,1.2238,1.22408,2.25,1.32
2013.04.30 22:30:03.628,1.22378,1.22408,3.19,1.13
2013.04.30 22:30:04.171,1.22378,1.22406,3.19,1.65
2013.04.30 22:30:04.873,1.22378,1.22406,3.19,1.84
2013.04.30 22:30:11.832,1.22378,1.22407,3.19,1.28
2013.04.30 22:30:16.758,1.22379,1.22406,3.19,1.28
2013.04.30 22:30:48.213,1.22378,1.22405,3.19,1.13
2013.04.30 22:31:01.023,1.22376,1.22404,2.25,1.50
2013.04.30 22:31:01.697,1.22375,1.22404,2.25,1.50
2013.04.30 22:31:02.142,1.22375,1.22404,4.13,1.50
2013.04.30 22:31:02.815,1.22376,1.22404,3.19,1.50
2013.04.30 22:31:16.702,1.22376,1.22403,3.19,1.13
2013.04.30 22:31:17.002,1.2238,1.22407,2.25,1.65
2013.04.30 22:31:17.542,1.2238,1.22407,2.25,2.63
2013.04.30 22:31:32.164,1.2238,1.22407,2.25,1.50
2013.04.30 22:32:17.276,1.22376,1.22407,1.88,1.13
2013.04.30 22:32:54.332,1.22375,1.22406,1.88,1.13
2013.04.30 22:32:57.631,1.2238,1.22406,2.25,1.13
2013.04.30 22:33:02.472,1.2238,1.22408,2.25,1.13
2013.04.30 22:33:53.435,1.2238,1.22409,2.25,1.13
2013.04.30 22:33:57.682,1.22376,1.22409,1.88,1.13
2013.04.30 22:34:01.812,1.22376,1.22407,1.88,1.13
2013.04.30 22:34:02.113,1.22378,1.22404,3.19,1.28
2013.04.30 22:34:02.232,1.22376,1.22402,4.13,1.05
2013.04.30 22:34:02.294,1.22376,1.22402,4.13,1.50
2013.04.30 22:34:02.593,1.22376,1.22402,2.25,1.28
2013.04.30 22:34:02.653,1.22374,1.22402,2.25,1.28
2013.04.30 22:34:17.583,1.22374,1.224,2.25,1.13
2013.04.30 22:34:33.583,1.22374,1.22401,2.25,1.88
2013.04.30 22:34:43.073,1.22373,1.22401,3.00,1.50
2013.04.30 22:34:43.853,1.22372,1.224,3.00,3.15
2013.04.30 22:34:51.896,1.22372,1.224,3.75,2.40
2013.04.30 22:34:51.964,1.22372,1.224,3.75,2.25
2013.04.30 22:34:52.085,1.22374,1.22402,2.25,2.25
2013.04.30 22:34:52.623,1.22375,1.22405,3.00,2.40
2013.04.30 22:34:53.564,1.22378,1.22406,2.25,3.15
2013.04.30 22:35:04.733,1.2238,1.22408,2.25,2.40
2013.04.30 22:35:07.792,1.2238,1.22408,2.25,3.00
2013.04.30 22:35:08.392,1.2238,1.22407,2.25,1.65
2013.04.30 22:35:22.493,1.2238,1.22408,2.25,2.40
2013.04.30 22:36:01.133,1.2238,1.22406,2.25,1.13
2013.04.30 22:36:04.721,1.22371,1.22406,1.50,1.88
2013.04.30 22:36:05.033,1.22376,1.22406,2.25,1.88
2013.04.30 22:36:05.520,1.22378,1.22407,2.25,2.25
2013.04.30 22:36:17.456,1.22378,1.22406,2.25,1.88
2013.04.30 22:36:33.422,1.22378,1.22406,2.25,2.25
2013.04.30 22:36:36.142,1.22378,1.22407,2.25,1.28
2013.04.30 22:36:36.563,1.22378,1.22407,2.25,1.28
2013.04.30 22:36:36.683,1.22376,1.22404,2.25,3.15
2013.04.30 22:36:38.504,1.22376,1.22401,2.25,1.28
2013.04.30 22:36:39.353,1.22376,1.22402,2.25,1.13
2013.04.30 22:36:44.935,1.22373,1.22401,2.25,1.28
2013.04.30 22:36:45.237,1.22373,1.22397,2.25,1.65
2013.04.30 22:36:45.305,1.22371,1.22397,2.25,1.65
2013.04.30 22:36:45.603,1.22371,1.22399,2.25,1.28
2013.04.30 22:36:45.664,1.22371,1.22399,2.25,1.13
2013.04.30 22:36:46.503,1.22371,1.22401,2.25,3.53
2013.04.30 22:36:46.863,1.22369,1.22396,2.25,1.28
2013.04.30 22:36:51.293,1.22369,1.22396,2.25,1.28
2013.04.30 22:36:51.774,1.22371,1.22399,2.25,1.88
2013.04.30 22:36:51.896,1.22371,1.22399,2.25,1.50
2013.04.30 22:36:52.403,1.22371,1.22401,2.25,2.40
2013.04.30 22:36:56.333,1.22372,1.22401,1.50,2.40
2013.04.30 22:36:57.372,1.22371,1.22401,3.75,2.40
2013.04.30 22:37:00.242,1.22372,1.22401,1.50,2.40
2013.04.30 22:37:01.019,1.22371,1.22401,3.75,2.40
2013.04.30 22:37:02.104,1.22372,1.22401,1.50,2.40
2013.04.30 22:37:02.653,1.22371,1.22401,2.25,2.40
2013.04.30 22:37:04.483,1.22374,1.22402,2.25,2.40
2013.04.30 22:37:22.353,1.22374,1.22402,2.25,2.40
2013.04.30 22:37:28.163,1.22376,1.22404,2.25,2.63
2013.04.30 22:37:29.194,1.22376,1.22404,2.25,3.00
2013.04.30 22:37:36.026,1.22376,1.22404,2.25,3.15
2013.04.30 22:37:48.712,1.22378,1.22406,2.25,3.53
2013.04.30 22:37:52.363,1.22378,1.22406,2.25,3.90
2013.04.30 22:38:00.873,1.22375,1.22405,2.25,2.63
2013.04.30 22:38:01.413,1.22376,1.22404,2.25,2.63
2013.04.30 22:38:01.974,1.22376,1.22399,2.25,1.13
2013.04.30 22:38:02.275,1.22372,1.22397,2.25,1.65
2013.04.30 22:38:02.517,1.2237,1.22397,2.25,2.03
2013.04.30 22:38:06.453,1.22367,1.22395,3.00,1.28
2013.04.30 22:38:06.972,1.22367,1.22395,2.25,1.13
2013.04.30 22:38:22.804,1.22367,1.22395,2.25,1.13
2013.04.30 22:38:29.923,1.22365,1.22395,2.25,3.53
2013.04.30 22:38:34.683,1.2237,1.22395,2.25,1.28
2013.04.30 22:38:34.804,1.22371,1.22397,2.25,1.28
2013.04.30 22:38:35.343,1.22371,1.22399,2.25,1.50
2013.04.30 22:38:36.383,1.22371,1.22401,2.25,2.40
2013.04.30 22:39:32.993,1.22371,1.22401,2.25,2.63
2013.04.30 22:39:33.340,1.22373,1.224,2.25,1.13
2013.04.30 22:39:37.803,1.22371,1.224,2.25,1.13
2013.04.30 22:39:49.115,1.22371,1.22399,2.25,1.13
2013.04.30 22:39:58.072,1.22373,1.22399,2.25,1.13
2013.04.30 22:39:58.912,1.22373,1.22401,2.25,4.28
2013.04.30 22:39:59.596,1.22373,1.22401,2.25,2.40
2013.04.30 22:40:16.813,1.22374,1.22404,2.25,2.63
2013.04.30 22:40:16.993,1.22374,1.22404,2.25,2.40
2013.04.30 22:40:37.163,1.22377,1.22405,2.25,2.40
2013.04.30 22:40:43.944,1.22374,1.22404,2.48,2.40
2013.04.30 22:40:44.323,1.22377,1.22405,2.25,2.78
2013.04.30 22:40:49.410,1.22375,1.22403,2.25,2.25
2013.04.30 22:40:55.033,1.22373,1.22401,2.25,2.25
2013.04.30 22:40:56.074,1.22375,1.22403,2.25,2.25
2013.04.30 22:41:08.393,1.22371,1.22401,2.25,2.25
2013.04.30 22:41:09.274,1.22371,1.22401,2.25,3.00
2013.04.30 22:41:09.632,1.22367,1.22395,3.15,2.25
2013.04.30 22:41:13.533,1.22369,1.22399,2.25,3.38
2013.04.30 22:41:24.954,1.22372,1.224,2.25,2.63
2013.04.30 22:41:25.314,1.22375,1.22405,3.00,3.00
2013.04.30 22:41:25.373,1.22377,1.22407,2.25,2.40
2013.04.30 22:41:26.294,1.22377,1.22407,2.25,3.00
2013.04.30 22:41:26.653,1.22376,1.22404,2.25,2.25
2013.04.30 22:41:41.363,1.22382,1.22404,2.33,2.40
2013.04.30 22:41:43.532,1.22382,1.22406,2.33,2.40
2013.04.30 22:41:52.533,1.22378,1.22406,3.15,2.40
2013.04.30 22:41:52.780,1.22375,1.22405,2.78,2.40
2013.04.30 22:41:52.843,1.22375,1.22405,2.25,2.40
2013.04.30 22:41:54.773,1.22375,1.22405,2.40,2.25
2013.04.30 22:42:10.653,1.22375,1.22405,2.63,2.25
2013.04.30 22:42:13.033,1.22376,1.22406,2.40,3.00
2013.04.30 22:42:15.053,1.22379,1.22407,2.25,4.50
2013.04.30 22:42:22.204,1.22383,1.22407,1.32,2.25
2013.04.30 22:42:22.265,1.22383,1.2241,1.32,2.25
2013.04.30 22:42:22.324,1.22383,1.22412,1.13,2.63
2013.04.30 22:42:22.444,1.22386,1.22414,2.25,2.25
2013.04.30 22:42:23.044,1.22386,1.22414,2.40,2.25
2013.04.30 22:42:24.452,1.22387,1.22416,3.15,3.00
2013.04.30 22:42:24.983,1.22387,1.22417,3.15,2.25
2013.04.30 22:42:25.233,1.22388,1.22417,1.13,2.25
2013.04.30 22:42:25.887,1.2239,1.22418,2.40,2.25
2013.04.30 22:42:25.957,1.22388,1.22416,3.15,2.25
2013.04.30 22:42:31.283,1.22388,1.22412,2.40,1.13
2013.04.30 22:42:31.585,1.22378,1.22406,2.25,2.40
2013.04.30 22:42:32.123,1.22378,1.22406,2.25,2.25
2013.04.30 22:42:32.678,1.22378,1.22406,2.25,2.78
2013.04.30 22:42:33.224,1.22378,1.22406,2.25,2.63
2013.04.30 22:43:03.984,1.22378,1.22406,2.25,2.40
2013.04.30 22:43:04.524,1.22378,1.22406,2.25,2.78
2013.04.30 22:43:13.084,1.22377,1.22405,2.25,2.25
2013.04.30 22:43:19.895,1.22374,1.22404,3.00,2.25
2013.04.30 22:43:20.405,1.22371,1.22401,3.15,2.25
2013.04.30 22:43:32.875,1.22371,1.22401,3.90,2.25
2013.04.30 22:43:49.753,1.22371,1.22399,1.65,2.25
2013.04.30 22:43:52.434,1.2237,1.22399,1.13,3.00
2013.04.30 22:43:52.794,1.22369,1.22398,3.00,1.13
2013.04.30 22:43:53.554,1.22372,1.224,3.75,3.15
2013.04.30 22:43:54.094,1.22372,1.22402,2.40,2.63
2013.04.30 22:43:54.633,1.22372,1.22402,2.40,2.63
2013.04.30 22:43:56.083,1.22372,1.22402,2.40,2.63
2013.04.30 22:43:57.923,1.22372,1.22402,2.40,2.63
2013.04.30 22:43:59.553,1.22372,1.22402,2.40,3.38
2013.04.30 22:43:59.674,1.22371,1.22399,2.40,2.25
2013.04.30 22:43:59.793,1.22369,1.22397,2.25,2.25
2013.04.30 22:43:59.853,1.22369,1.22397,2.63,2.25
2013.04.30 22:44:00.093,1.22369,1.22397,2.25,2.25
2013.04.30 22:44:20.003,1.2237,1.22398,2.25,2.25
2013.04.30 22:44:40.623,1.22371,1.22399,2.25,2.25
2013.04.30 22:44:46.177,1.22371,1.22399,2.63,2.25
2013.04.30 22:44:46.520,1.22379,1.22402,1.13,3.15
2013.04.30 22:44:52.847,1.22372,1.22402,3.00,3.15
2013.04.30 22:44:52.931,1.22381,1.22402,2.18,3.15
2013.04.30 22:44:55.674,1.22384,1.22403,1.13,3.15
2013.04.30 22:44:56.354,1.22372,1.22402,2.25,3.15
2013.04.30 22:45:04.564,1.22372,1.22402,2.25,2.40
2013.04.30 22:45:16.938,1.22374,1.22402,2.25,2.40
2013.04.30 22:45:36.894,1.22374,1.22402,3.38,2.25
2013.04.30 22:45:37.208,1.22392,1.22409,1.50,2.25
2013.04.30 22:45:37.397,1.22401,1.22415,1.13,3.00
2013.04.30 22:45:37.456,1.22401,1.22419,1.13,2.25
2013.04.30 22:45:37.575,1.224,1.22421,1.50,3.75
2013.04.30 22:45:37.815,1.22404,1.22421,1.50,3.38
2013.04.30 22:45:38.174,1.22405,1.22422,1.50,3.00
2013.04.30 22:45:38.233,1.22405,1.22422,1.50,3.00
2013.04.30 22:45:38.774,1.22402,1.22422,1.50,3.00
2013.04.30 22:45:40.853,1.22402,1.22422,1.50,3.00
2013.04.30 22:45:41.408,1.22402,1.22422,1.50,3.00
2013.04.30 22:45:41.995,1.22402,1.22422,1.50,3.00
2013.04.30 22:45:43.933,1.22402,1.22422,1.50,3.00
2013.04.30 22:45:44.562,1.22402,1.22422,1.50,3.00
2013.04.30 22:45:45.125,1.22405,1.22422,1.50,3.00
2013.04.30 22:45:45.245,1.22403,1.22424,1.50,3.75
2013.04.30 22:45:45.364,1.22403,1.22424,1.50,4.50
2013.04.30 22:45:46.069,1.22403,1.22424,1.50,3.00
2013.04.30 22:45:46.734,1.22403,1.22424,1.50,4.50
2013.04.30 22:45:47.418,1.22404,1.22424,1.50,4.50
2013.04.30 22:45:49.104,1.22405,1.22424,1.50,3.00
2013.04.30 22:45:50.270,1.22405,1.22424,1.50,4.50
2013.04.30 22:45:54.835,1.22405,1.22422,1.50,1.50
2013.04.30 22:45:55.381,1.22405,1.22423,1.50,1.50
2013.04.30 22:45:56.288,1.22405,1.22423,1.50,1.50
2013.04.30 22:45:58.325,1.22405,1.22422,1.50,1.50
2013.04.30 22:45:59.884,1.22397,1.22423,1.13,1.50
2013.04.30 22:45:59.944,1.22392,1.22421,3.00,1.65
2013.04.30 22:46:00.123,1.22388,1.22418,3.00,2.25
2013.04.30 22:46:00.618,1.22386,1.22416,2.78,2.25
2013.04.30 22:46:23.536,1.22386,1.22416,3.15,2.25
2013.04.30 22:47:00.284,1.22384,1.22422,1.32,2.40
2013.04.30 22:47:01.273,1.22388,1.22423,1.50,1.65
2013.04.30 22:47:01.585,1.22389,1.22418,2.07,2.25
2013.04.30 22:47:01.704,1.22389,1.22418,2.03,2.25
2013.04.30 22:47:01.766,1.22398,1.22424,1.13,2.25
2013.04.30 22:47:01.885,1.22396,1.2242,2.25,1.13
2013.04.30 22:47:02.065,1.2239,1.22419,3.15,3.00
2013.04.30 22:47:02.125,1.22389,1.22417,3.34,2.25
2013.04.30 22:47:16.983,1.22389,1.22417,3.34,2.25
2013.04.30 22:47:22.008,1.22389,1.22416,1.09,2.25
2013.04.30 22:47:26.420,1.22388,1.22416,3.19,3.38
2013.04.30 22:47:26.724,1.22385,1.22413,3.19,3.00
2013.04.30 22:47:26.965,1.22385,1.22411,2.25,1.50
2013.04.30 22:47:27.421,1.2238,1.2241,3.00,3.38
2013.04.30 22:47:27.485,1.2238,1.2241,2.25,3.38
2013.04.30 22:47:41.239,1.22378,1.22406,2.25,2.40
2013.04.30 22:47:41.435,1.22379,1.22409,2.25,2.59
2013.04.30 22:47:47.573,1.22378,1.22407,2.25,2.25
2013.04.30 22:47:48.243,1.22377,1.22407,3.00,2.25
2013.04.30 22:48:08.023,1.22378,1.22408,2.25,3.15
2013.04.30 22:48:12.593,1.22378,1.22408,2.25,3.15
2013.04.30 22:48:28.911,1.22378,1.22406,2.25,2.25
2013.04.30 22:48:43.184,1.22378,1.22406,3.00,2.25
2013.04.30 22:48:43.304,1.2238,1.22408,2.25,4.50
2013.04.30 22:48:43.424,1.22378,1.22406,1.50,2.63
2013.04.30 22:48:43.914,1.22377,1.22405,3.38,2.25
2013.04.30 22:49:08.093,1.22377,1.22405,3.75,2.25
2013.04.30 22:49:13.917,1.22381,1.22407,1.13,2.25
2013.04.30 22:49:14.224,1.22384,1.22412,5.40,2.25
2013.04.30 22:49:14.345,1.22384,1.22412,5.40,2.25
2013.04.30 22:49:14.404,1.22387,1.22414,1.13,2.25
2013.04.30 22:49:20.195,1.22387,1.22414,1.13,2.25
2013.04.30 22:49:34.764,1.22387,1.22415,3.15,2.25
2013.04.30 22:49:36.743,1.22387,1.22415,3.15,2.25
2013.04.30 22:49:56.084,1.22387,1.22415,3.00,2.25
2013.04.30 22:50:00.333,1.22387,1.22402,2.25,1.50
2013.04.30 22:50:00.574,1.22382,1.22402,3.15,1.50
2013.04.30 22:50:01.124,1.2238,1.22404,3.00,1.50
2013.04.30 22:50:05.124,1.22383,1.22404,1.13,1.50
2013.04.30 22:50:05.184,1.22383,1.22408,1.13,3.00
2013.04.30 22:50:05.305,1.22383,1.2241,1.13,5.25
2013.04.30 22:50:05.365,1.22383,1.22413,3.38,4.50
2013.04.30 22:50:08.844,1.22383,1.22413,2.25,2.25
2013.04.30 22:50:08.908,1.22383,1.22412,2.25,2.03
2013.04.30 22:50:08.974,1.22379,1.22407,2.25,3.00
2013.04.30 22:50:09.274,1.22376,1.22404,2.40,2.25
2013.04.30 22:50:09.394,1.22376,1.22404,2.78,2.25
2013.04.30 22:50:09.454,1.22376,1.22404,2.78,2.25
2013.04.30 22:50:09.515,1.22376,1.22404,2.40,2.25
2013.04.30 22:50:09.764,1.22376,1.22404,2.63,2.25
2013.04.30 22:50:19.696,1.22376,1.22404,2.40,2.25
2013.04.30 22:50:35.415,1.22376,1.22404,2.40,2.25
2013.04.30 22:50:51.435,1.22376,1.22404,2.40,2.25
2013.04.30 22:51:09.523,1.2237,1.22411,1.65,1.65
2013.04.30 22:51:16.114,1.22369,1.22411,2.03,2.03
2013.04.30 22:51:16.174,1.22373,1.2241,1.65,1.13
2013.04.30 22:51:16.714,1.22369,1.22411,1.28,1.50
2013.04.30 22:51:17.773,1.22369,1.22411,1.65,2.03
2013.04.30 22:51:19.176,1.2237,1.22411,2.03,2.03
2013.04.30 22:51:22.106,1.2237,1.22411,1.65,1.28
2013.04.30 22:51:33.044,1.22372,1.22411,1.65,1.09
2013.04.30 22:51:36.764,1.22372,1.22411,1.65,1.47
2013.04.30 22:51:52.844,1.22376,1.22406,2.40,2.25
2013.04.30 22:52:07.594,1.22375,1.22404,2.40,2.25
2013.04.30 22:52:07.954,1.22372,1.22402,3.75,2.25
2013.04.30 22:52:08.315,1.22372,1.22402,3.15,2.25
2013.04.30 22:52:09.474,1.22372,1.22402,4.13,2.25
2013.04.30 22:52:09.775,1.22371,1.224,3.38,2.25
2013.04.30 22:52:12.590,1.2237,1.224,3.15,2.25
2013.04.30 22:52:12.657,1.22369,1.22397,5.40,2.25
2013.04.30 22:52:15.138,1.22369,1.22397,2.25,2.25
2013.04.30 22:52:15.883,1.22366,1.22396,3.90,2.25
2013.04.30 22:52:27.387,1.22366,1.22396,3.15,2.25
2013.04.30 22:52:27.445,1.22366,1.22396,3.15,2.44
2013.04.30 22:52:27.806,1.22361,1.2239,2.40,2.25
2013.04.30 22:52:28.348,1.22359,1.2239,3.00,2.25
2013.04.30 22:52:28.866,1.22362,1.2239,3.15,2.25
2013.04.30 22:52:31.685,1.2236,1.22393,1.13,3.38
2013.04.30 22:52:31.925,1.22361,1.22393,3.15,2.44
2013.04.30 22:52:34.305,1.22363,1.22393,2.40,4.69
2013.04.30 22:52:34.506,1.22363,1.22393,2.63,2.44
2013.04.30 22:52:35.073,1.22368,1.22394,1.13,2.25
2013.04.30 22:52:36.716,1.22369,1.22394,1.13,2.25
2013.04.30 22:52:37.015,1.22369,1.22396,1.65,2.25
2013.04.30 22:52:40.988,1.2237,1.22396,1.13,2.25
2013.04.30 22:52:41.115,1.22373,1.22398,1.13,3.00
2013.04.30 22:52:41.239,1.22374,1.22402,3.15,5.25
2013.04.30 22:52:41.485,1.22375,1.22404,2.25,2.25
2013.04.30 22:52:42.024,1.22375,1.22405,3.15,2.25
2013.04.30 22:52:43.745,1.22375,1.22405,2.40,2.25
2013.04.30 22:52:46.354,1.22375,1.22405,2.40,2.44
2013.04.30 22:52:46.863,1.22375,1.22405,3.00,2.44
2013.04.30 22:52:47.673,1.22375,1.22405,2.25,2.44
2013.04.30 22:52:48.033,1.22372,1.224,3.15,2.25
2013.04.30 22:52:50.156,1.22373,1.224,1.50,2.25
2013.04.30 22:52:50.278,1.22376,1.22406,2.40,2.25
2013.04.30 22:52:50.345,1.22376,1.22406,2.40,3.00
2013.04.30 22:52:50.719,1.2237,1.224,3.53,2.25
2013.04.30 22:52:54.714,1.2237,1.224,3.90,2.25
2013.04.30 22:52:54.893,1.22375,1.22405,2.63,3.00
2013.04.30 22:52:57.214,1.22375,1.22405,2.40,3.00
2013.04.30 22:52:57.778,1.22375,1.22405,2.40,3.00
2013.04.30 22:52:58.564,1.22375,1.22405,2.40,3.00
2013.04.30 22:52:58.744,1.22371,1.22399,2.40,2.25
2013.04.30 22:53:01.354,1.22371,1.22399,2.63,2.25
2013.04.30 22:53:01.535,1.22373,1.22402,1.13,2.25
2013.04.30 22:53:02.425,1.22372,1.22402,3.00,2.63
2013.04.30 22:53:02.604,1.2237,1.22398,3.15,2.25
2013.04.30 22:53:03.135,1.22371,1.22398,1.13,2.25
2013.04.30 22:53:03.254,1.22372,1.22401,2.63,2.63
2013.04.30 22:53:03.830,1.22372,1.22402,2.63,2.25
2013.04.30 22:53:05.816,1.22377,1.22403,1.13,2.25
2013.04.30 22:53:05.875,1.22376,1.22406,3.15,2.25
2013.04.30 22:53:06.374,1.22376,1.22406,2.25,2.25
2013.04.30 22:53:09.105,1.22376,1.22406,2.40,2.25
2013.04.30 22:53:09.465,1.22376,1.22406,2.63,2.25
2013.04.30 22:53:11.295,1.22376,1.22406,3.15,2.25
2013.04.30 22:53:11.474,1.22378,1.22408,3.15,2.25
2013.04.30 22:53:21.874,1.2238,1.22408,1.13,2.25
2013.04.30 22:53:30.375,1.22382,1.22409,1.13,2.25
2013.04.30 22:53:32.594,1.22383,1.22411,3.53,3.00
2013.04.30 22:53:32.774,1.22383,1.22411,3.53,3.75
2013.04.30 22:53:33.075,1.22382,1.22409,1.13,2.63
2013.04.30 22:53:33.376,1.22393,1.22416,1.13,2.25
2013.04.30 22:53:33.434,1.22393,1.22419,1.13,2.25
2013.04.30 22:53:33.494,1.22389,1.22419,3.30,2.25
2013.04.30 22:53:33.734,1.22392,1.22419,1.28,2.25
2013.04.30 22:53:34.003,1.22389,1.22419,2.78,2.25
2013.04.30 22:53:34.068,1.22389,1.22419,2.40,2.25
2013.04.30 22:53:34.255,1.22389,1.22419,3.38,2.44
2013.04.30 22:53:35.303,1.22389,1.22419,3.38,2.25
2013.04.30 22:53:35.674,1.22389,1.22419,2.25,3.15
2013.04.30 22:53:36.189,1.22388,1.22416,2.25,3.00
2013.04.30 22:53:36.834,1.22388,1.22415,2.25,1.13
2013.04.30 22:53:37.074,1.22383,1.22413,3.15,2.63
2013.04.30 22:53:37.134,1.22383,1.22413,3.15,2.63
2013.04.30 22:53:37.674,1.22383,1.22413,3.15,2.63
2013.04.30 22:53:39.013,1.22383,1.22413,3.15,2.63
2013.04.30 22:53:39.254,1.22383,1.22413,3.38,2.63
2013.04.30 22:53:39.771,1.22383,1.22413,3.15,3.38
2013.04.30 22:53:40.445,1.22383,1.22413,3.15,3.38
2013.04.30 22:53:42.244,1.22383,1.22413,3.15,3.38
2013.04.30 22:53:47.154,1.22383,1.22413,3.00,2.82
2013.04.30 22:53:48.965,1.22383,1.22413,3.00,2.82
2013.04.30 22:53:50.174,1.22383,1.22413,3.00,2.82
2013.04.30 22:53:50.475,1.22386,1.22416,2.40,2.25
2013.04.30 22:53:50.536,1.22386,1.22416,2.63,2.25
2013.04.30 22:53:50.656,1.22386,1.22416,2.25,2.25
2013.04.30 22:53:50.716,1.22386,1.22416,2.63,2.25
2013.04.30 22:53:54.634,1.22386,1.22416,2.25,2.25
2013.04.30 22:53:54.695,1.22386,1.22416,2.63,2.25
2013.04.30 22:53:58.165,1.22386,1.22416,2.25,2.25
2013.04.30 22:53:58.226,1.22386,1.22416,2.78,2.25
2013.04.30 22:53:58.584,1.22386,1.22416,3.53,2.25
2013.04.30 22:54:02.678,1.22386,1.22416,3.00,2.25
2013.04.30 22:54:03.226,1.22386,1.22416,2.40,2.25
2013.04.30 22:54:03.285,1.22386,1.22416,2.63,2.25
2013.04.30 22:54:04.977,1.22386,1.22416,2.40,2.25
2013.04.30 22:54:05.731,1.22386,1.22416,2.25,2.25
2013.04.30 22:54:13.866,1.22386,1.22416,2.25,3.38
2013.04.30 22:54:13.989,1.22383,1.22411,2.40,2.25
2013.04.30 22:54:18.477,1.22383,1.22411,2.25,2.25
2013.04.30 22:54:18.775,1.22381,1.22409,2.40,2.25
2013.04.30 22:54:20.729,1.22381,1.22409,2.63,2.25
2013.04.30 22:54:22.066,1.22381,1.22409,3.15,2.25
2013.04.30 22:54:24.534,1.22381,1.22409,2.40,2.25
2013.04.30 22:54:28.599,1.22379,1.22407,2.25,2.25
2013.04.30 22:54:30.665,1.22379,1.22407,2.40,2.25
2013.04.30 22:54:31.854,1.22379,1.22407,2.25,2.25
2013.04.30 22:54:40.699,1.22379,1.22407,3.15,2.25
2013.04.30 22:54:42.609,1.22379,1.22407,2.25,2.25
2013.04.30 22:54:44.993,1.22379,1.22407,2.40,2.25
2013.04.30 22:54:45.533,1.22379,1.22407,3.75,2.25
2013.04.30 22:54:47.113,1.224,1.2241,1.50,3.00
2013.04.30 22:54:47.354,1.22396,1.2241,1.13,2.25
2013.04.30 22:54:47.414,1.22398,1.2242,1.28,2.25
2013.04.30 22:54:47.474,1.22404,1.22422,1.13,2.25
2013.04.30 22:54:47.593,1.22398,1.22422,1.28,2.25
2013.04.30 22:54:47.953,1.22404,1.22424,1.13,3.00
2013.04.30 22:54:48.133,1.22398,1.22423,1.13,1.50
2013.04.30 22:54:48.673,1.22394,1.22424,3.38,4.50
2013.04.30 22:54:48.793,1.22394,1.22422,3.38,1.50
2013.04.30 22:54:49.963,1.22394,1.22422,3.38,1.88
2013.04.30 22:55:02.063,1.22394,1.22422,1.88,2.25
2013.04.30 22:55:02.603,1.22394,1.22423,1.88,2.25
2013.04.30 22:55:02.904,1.22403,1.22425,1.13,2.25
2013.04.30 22:55:03.406,1.22397,1.22425,1.13,2.25
2013.04.30 22:55:05.322,1.22395,1.22425,3.30,2.25
2013.04.30 22:55:08.304,1.22395,1.22425,3.00,2.25
2013.04.30 22:55:08.663,1.22393,1.22423,2.25,2.25
2013.04.30 22:55:10.504,1.22393,1.22423,2.63,2.25
2013.04.30 22:55:10.743,1.22393,1.22423,2.40,2.25
2013.04.30 22:55:18.123,1.22393,1.22423,2.63,2.25
2013.04.30 22:55:18.483,1.22396,1.22424,3.15,2.25
2013.04.30 22:55:22.953,1.22396,1.22424,3.00,3.38
2013.04.30 22:55:23.013,1.22396,1.22422,3.00,1.65
2013.04.30 22:55:23.553,1.22392,1.2242,3.15,2.25
2013.04.30 22:55:28.113,1.22392,1.2242,3.00,2.40
2013.04.30 22:55:28.173,1.22392,1.2242,3.00,3.15
2013.04.30 22:55:28.819,1.2239,1.22418,3.00,2.25
2013.04.30 22:55:29.838,1.2239,1.22418,3.15,2.25
2013.04.30 22:55:30.083,1.22391,1.22421,3.30,2.25
2013.04.30 22:55:30.273,1.22391,1.22421,3.15,2.25
2013.04.30 22:55:31.263,1.22391,1.22421,2.55,3.00
2013.04.30 22:55:31.504,1.2239,1.22418,3.00,2.25
2013.04.30 22:55:37.805,1.2239,1.22418,2.25,2.40
2013.04.30 22:55:38.344,1.2239,1.22418,2.25,2.25
2013.04.30 22:55:42.913,1.2239,1.22418,3.00,2.25
2013.04.30 22:55:47.155,1.2239,1.22418,3.00,2.25
2013.04.30 22:55:50.573,1.2239,1.22418,2.25,2.63
2013.04.30 22:55:52.053,1.22389,1.22417,2.25,2.63
2013.04.30 22:55:52.653,1.22389,1.22416,2.25,2.25
2013.04.30 22:55:52.713,1.22387,1.22415,2.25,2.25
2013.04.30 22:56:02.333,1.22387,1.22415,2.25,2.40
2013.04.30 22:56:05.633,1.22389,1.22417,2.25,3.75
2013.04.30 22:56:08.596,1.22389,1.22417,2.25,3.38
2013.04.30 22:56:10.134,1.22389,1.22407,2.25,1.13
2013.04.30 22:56:10.314,1.22386,1.22399,2.25,1.50
2013.04.30 22:56:10.373,1.22381,1.22399,2.25,1.50
2013.04.30 22:56:12.504,1.22381,1.22404,2.25,1.28
2013.04.30 22:56:12.564,1.22381,1.22411,3.00,4.35
2013.04.30 22:56:12.807,1.22387,1.22414,2.25,1.13
2013.04.30 22:56:12.994,1.22387,1.22416,2.25,1.28
2013.04.30 22:56:15.064,1.22389,1.22417,1.50,3.00
2013.04.30 22:56:15.423,1.22393,1.22419,2.25,2.63
2013.04.30 22:56:16.173,1.22393,1.22421,2.25,2.25
2013.04.30 22:56:20.967,1.22393,1.22421,3.00,2.25
2013.04.30 22:56:24.232,1.22393,1.22421,2.25,2.25
2013.04.30 22:56:28.323,1.22393,1.22421,2.40,2.25
2013.04.30 22:56:30.815,1.22393,1.22421,2.40,2.25
2013.04.30 22:56:43.533,1.22395,1.22423,2.25,2.25
2013.04.30 22:56:47.283,1.22395,1.22423,2.25,2.63
2013.04.30 22:56:47.463,1.22393,1.22421,3.00,2.40
2013.04.30 22:56:49.934,1.22393,1.22421,2.25,2.63
2013.04.30 22:56:51.203,1.22393,1.22421,2.25,2.40
2013.04.30 22:56:58.083,1.22393,1.22421,2.25,2.25
2013.04.30 22:56:59.893,1.22394,1.22421,2.25,2.25
2013.04.30 22:56:59.953,1.22396,1.22421,1.65,2.25
2013.04.30 22:57:00.074,1.22398,1.22428,3.00,2.25
2013.04.30 22:57:01.123,1.22398,1.22428,3.00,2.40
2013.04.30 22:57:01.425,1.22398,1.22428,3.00,2.63
2013.04.30 22:57:03.283,1.22398,1.22428,2.25,2.63
2013.04.30 22:57:03.703,1.22395,1.22425,3.00,2.40
2013.04.30 22:57:04.555,1.22395,1.22422,3.00,1.13
2013.04.30 22:57:04.673,1.22389,1.22419,3.38,2.25
2013.04.30 22:57:04.853,1.22389,1.22419,3.15,2.25
2013.04.30 22:57:08.743,1.22389,1.22419,3.00,2.40
2013.04.30 22:57:11.293,1.22393,1.22419,2.25,2.40
2013.04.30 22:57:11.654,1.22397,1.22427,3.00,3.00
2013.04.30 22:57:12.179,1.22397,1.22427,3.15,2.25
2013.04.30 22:57:12.744,1.22397,1.22427,3.15,2.25
2013.04.30 22:57:13.223,1.22397,1.22427,3.00,2.40
2013.04.30 22:57:16.553,1.22397,1.22427,2.25,2.40
2013.04.30 22:57:16.863,1.22396,1.22424,2.25,2.40
2013.04.30 22:57:17.168,1.22393,1.22421,2.25,2.25
2013.04.30 22:57:19.084,1.22393,1.22421,2.25,2.78
2013.04.30 22:57:21.427,1.22393,1.22421,3.00,2.25
2013.04.30 22:57:23.124,1.22393,1.22421,3.15,2.25
2013.04.30 22:57:23.244,1.22394,1.22424,3.75,4.50
2013.04.30 22:57:26.044,1.22394,1.22424,3.00,2.25
2013.04.30 22:57:26.106,1.22394,1.22424,3.00,2.40
2013.04.30 22:57:26.783,1.22394,1.22424,3.00,2.25
2013.04.30 22:57:26.963,1.22394,1.22424,3.00,2.40
2013.04.30 22:57:27.433,1.22394,1.22424,3.75,2.25
2013.04.30 22:57:28.304,1.22394,1.22424,3.00,3.00
2013.04.30 22:57:28.543,1.22389,1.22405,1.32,1.50
2013.04.30 22:57:29.843,1.22388,1.22405,4.13,1.50
2013.04.30 22:57:30.391,1.22389,1.22405,1.13,1.50
2013.04.30 22:57:31.463,1.22388,1.22405,4.13,1.50
2013.04.30 22:57:31.973,1.22389,1.22405,1.88,1.50
2013.04.30 22:57:33.065,1.22388,1.22405,4.13,1.50
2013.04.30 22:57:33.582,1.22388,1.22405,4.13,1.50
2013.04.30 22:57:37.704,1.22388,1.22403,4.13,1.50
2013.04.30 22:57:38.494,1.22388,1.22403,4.13,1.50
2013.04.30 22:57:40.653,1.22388,1.22403,1.13,1.50
2013.04.30 22:57:41.193,1.22388,1.22403,1.13,1.50
2013.04.30 22:57:41.903,1.22388,1.22403,1.13,1.50
2013.04.30 22:57:42.885,1.22388,1.22403,1.13,1.50
2013.04.30 22:57:43.434,1.22388,1.22403,1.13,1.50
2013.04.30 22:57:43.793,1.22389,1.22404,1.69,1.50
2013.04.30 22:57:45.165,1.2239,1.22407,1.13,1.50
2013.04.30 22:57:45.703,1.22392,1.22406,1.13,1.50
2013.04.30 22:57:50.739,1.22392,1.22406,1.13,1.50
2013.04.30 22:57:53.443,1.22392,1.22408,1.13,2.25
2013.04.30 22:57:54.564,1.22389,1.22408,2.63,1.50
2013.04.30 22:57:54.624,1.22392,1.2241,1.50,1.50
2013.04.30 22:57:54.924,1.22395,1.22415,1.50,2.25
2013.04.30 22:57:54.985,1.22396,1.22415,1.50,2.25
2013.04.30 22:57:55.164,1.22396,1.22419,1.50,2.25
2013.04.30 22:57:55.224,1.22396,1.22416,1.50,1.13
2013.04.30 22:57:55.534,1.22394,1.22409,1.50,1.50
2013.04.30 22:58:00.122,1.22394,1.22408,1.50,1.50
2013.04.30 22:58:00.765,1.22394,1.22408,1.50,1.50
2013.04.30 22:58:02.303,1.22394,1.22408,2.25,1.50
2013.04.30 22:58:03.904,1.22394,1.22408,2.25,1.50
2013.04.30 22:58:04.823,1.22394,1.22408,2.25,1.50
2013.04.30 22:58:05.442,1.22394,1.22408,1.50,2.25
2013.04.30 22:58:11.302,1.22394,1.22409,2.25,2.25
2013.04.30 22:58:11.363,1.22393,1.22409,1.50,1.50
2013.04.30 22:58:11.483,1.22393,1.22421,1.50,1.88
2013.04.30 22:58:11.722,1.22393,1.22425,1.50,1.13
2013.04.30 22:58:11.852,1.22393,1.22427,1.65,1.13
2013.04.30 22:58:12.033,1.22406,1.22426,1.50,1.50
2013.04.30 22:58:12.582,1.22406,1.22427,1.50,1.50
2013.04.30 22:58:15.753,1.22405,1.22427,1.50,1.84
2013.04.30 22:58:16.124,1.22405,1.22431,1.50,1.65
2013.04.30 22:58:16.259,1.22406,1.22427,1.50,1.50
2013.04.30 22:58:16.563,1.22404,1.22427,1.50,1.88
2013.04.30 22:58:19.556,1.22405,1.22427,1.50,1.88
2013.04.30 22:58:22.704,1.22405,1.22426,1.50,1.13
2013.04.30 22:58:22.824,1.22405,1.22424,1.50,1.65
2013.04.30 22:58:22.944,1.22402,1.22424,1.50,1.65
2013.04.30 22:58:23.003,1.22402,1.22424,1.50,1.65
2013.04.30 22:58:23.543,1.22403,1.22424,1.50,1.50
2013.04.30 22:58:26.954,1.22403,1.22426,1.50,1.50
2013.04.30 22:58:27.313,1.22403,1.22424,1.50,1.50
2013.04.30 22:58:27.819,1.22403,1.22424,1.50,1.50
2013.04.30 22:58:28.324,1.22396,1.22422,1.88,1.13
2013.04.30 22:58:37.524,1.22397,1.22421,1.50,1.28
2013.04.30 22:58:38.214,1.22399,1.22418,1.50,1.50
2013.04.30 22:58:40.155,1.22399,1.22418,1.50,1.50
2013.04.30 22:58:40.513,1.22399,1.22419,1.50,1.50
2013.04.30 22:58:41.463,1.22401,1.2242,1.50,1.50
2013.04.30 22:58:41.824,1.22401,1.22423,1.50,1.50
2013.04.30 22:58:44.173,1.22401,1.22425,1.50,1.50
2013.04.30 22:58:44.233,1.22406,1.22425,1.50,1.50
2013.04.30 22:58:44.793,1.22406,1.22428,1.50,1.88
2013.04.30 22:58:46.466,1.22406,1.22428,1.50,1.13
2013.04.30 22:58:47.433,1.22406,1.22427,1.50,1.50
2013.04.30 22:58:47.793,1.22405,1.22424,1.50,1.13
2013.04.30 22:58:48.433,1.22405,1.22424,1.50,1.13
2013.04.30 22:58:49.042,1.22405,1.22424,1.50,1.13
2013.04.30 22:58:52.913,1.22407,1.22425,1.50,1.13
2013.04.30 22:58:53.934,1.22407,1.22425,1.50,1.13
2013.04.30 22:58:54.619,1.22407,1.22426,1.50,1.13
2013.04.30 22:58:55.233,1.22408,1.22429,1.50,1.88
2013.04.30 22:58:57.693,1.22408,1.22429,1.50,1.88
2013.04.30 22:58:59.569,1.22407,1.22426,1.50,1.13
2013.04.30 22:58:59.694,1.22407,1.22425,1.50,1.13
2013.04.30 22:59:00.733,1.22409,1.22426,1.50,1.13
2013.04.30 22:59:04.926,1.22409,1.22431,1.50,4.32
2013.04.30 22:59:05.601,1.22409,1.22431,1.50,3.75
2013.04.30 22:59:09.944,1.22408,1.22431,1.50,2.44
2013.04.30 22:59:10.253,1.22408,1.22427,1.50,1.50
2013.04.30 22:59:10.832,1.22408,1.22427,1.50,1.50
2013.04.30 22:59:11.236,1.22408,1.22427,1.50,1.13
2013.04.30 22:59:11.424,1.22408,1.22431,1.50,1.32
2013.04.30 22:59:13.254,1.22408,1.2243,1.50,2.07
2013.04.30 22:59:20.174,1.22408,1.22427,1.50,2.25
2013.04.30 22:59:20.294,1.22412,1.2243,1.50,2.25
2013.04.30 22:59:20.354,1.22412,1.2243,1.50,1.13
2013.04.30 22:59:20.713,1.22413,1.22429,1.50,1.50
2013.04.30 22:59:21.214,1.22413,1.22429,1.50,3.00
2013.04.30 22:59:21.736,1.22413,1.22429,1.50,3.00
2013.04.30 22:59:23.274,1.22413,1.22429,1.50,3.00
2013.04.30 22:59:23.928,1.22413,1.22429,1.50,3.00
2013.04.30 22:59:24.433,1.22413,1.22429,1.50,3.00
2013.04.30 22:59:26.420,1.22409,1.22429,1.88,3.00
2013.04.30 22:59:26.925,1.2241,1.22424,1.50,1.13
2013.04.30 22:59:27.553,1.2241,1.22424,1.50,1.13
2013.04.30 22:59:28.365,1.2241,1.22424,1.50,1.13
2013.04.30 22:59:28.844,1.22412,1.22424,1.50,1.13
2013.04.30 22:59:29.384,1.22412,1.22424,1.50,1.50
2013.04.30 22:59:29.504,1.22412,1.22429,1.50,1.09
2013.04.30 22:59:29.564,1.22408,1.22429,1.50,1.09
2013.04.30 22:59:30.114,1.22411,1.22424,1.50,1.13
2013.04.30 22:59:30.423,1.22408,1.22428,1.50,1.50
2013.04.30 22:59:30.483,1.22408,1.22428,1.50,1.50
2013.04.30 22:59:31.024,1.22408,1.22429,1.50,1.50
2013.04.30 22:59:31.533,1.22408,1.22428,1.50,1.50
2013.04.30 22:59:33.393,1.22408,1.22429,1.50,2.25
2013.04.30 22:59:34.583,1.22408,1.22429,1.50,2.25
2013.04.30 22:59:34.733,1.22408,1.22429,1.50,2.25
2013.04.30 22:59:35.107,1.22408,1.22429,1.50,1.50
2013.04.30 22:59:35.243,1.22408,1.22432,1.50,1.13
2013.04.30 22:59:35.975,1.22408,1.22432,1.50,1.13
2013.04.30 22:59:37.683,1.2241,1.22431,1.50,1.13
2013.04.30 22:59:37.813,1.22408,1.2243,1.50,1.50
2013.04.30 22:59:39.373,1.22407,1.2243,1.50,1.50
2013.04.30 22:59:39.493,1.22407,1.2243,1.50,1.50
2013.04.30 22:59:42.767,1.22407,1.22432,1.50,1.50
2013.04.30 22:59:43.313,1.22408,1.22434,1.50,1.50
2013.04.30 22:59:48.914,1.22408,1.22429,1.50,1.50
2013.04.30 22:59:49.212,1.22401,1.2242,3.00,1.13
2013.04.30 22:59:49.333,1.22399,1.22431,1.50,2.25
2013.04.30 22:59:49.453,1.22399,1.22429,1.50,1.28
2013.04.30 22:59:51.186,1.224,1.22428,1.13,1.13
2013.04.30 22:59:51.912,1.224,1.22432,1.50,2.25
2013.04.30 22:59:54.503,1.224,1.22432,1.50,3.60
2013.04.30 22:59:54.623,1.22397,1.22429,1.69,1.50
2013.04.30 22:59:54.743,1.22394,1.22429,1.65,1.13
2013.04.30 22:59:58.754,1.22391,1.22428,1.13,1.65
2013.04.30 22:59:59.263,1.22391,1.22428,1.13,1.65
