2013.04.26 14:00:00.233,1.22682,1.22689,3.00,2.25
2013.04.26 14:00:00.425,1.22682,1.22691,3.00,4.13
2013.04.26 14:00:00.484,1.22682,1.22688,3.00,2.25
2013.04.26 14:00:00.913,1.22682,1.2269,3.00,2.25
2013.04.26 14:00:01.694,1.22674,1.22691,2.25,7.58
2013.04.26 14:00:02.588,1.22675,1.2269,3.00,1.50
2013.04.26 14:00:03.134,1.22676,1.2269,3.00,1.50
2013.04.26 14:00:04.080,1.22677,1.22686,1.50,2.25
2013.04.26 14:00:04.386,1.22671,1.22682,1.32,2.25
2013.04.26 14:00:04.694,1.22674,1.22682,2.25,2.25
2013.04.26 14:00:05.356,1.22678,1.22682,3.00,1.50
2013.04.26 14:00:05.915,1.22678,1.22683,1.50,2.25
2013.04.26 14:00:06.155,1.22678,1.22686,2.25,2.25
2013.04.26 14:00:06.418,1.22678,1.22691,2.25,3.75
2013.04.26 14:00:07.269,1.22674,1.2269,2.25,1.50
2013.04.26 14:00:07.394,1.22673,1.2269,4.50,1.50
2013.04.26 14:00:07.644,1.22675,1.2269,3.75,2.25
2013.04.26 14:00:08.202,1.22674,1.2269,4.50,2.25
2013.04.26 14:00:08.606,1.22673,1.2269,3.75,2.25
2013.04.26 14:00:08.735,1.22672,1.22688,3.00,1.50
2013.04.26 14:00:10.277,1.22675,1.22689,2.25,2.25
2013.04.26 14:00:10.408,1.22675,1.2269,2.25,2.25
2013.04.26 14:00:10.715,1.22673,1.2269,3.00,2.25
2013.04.26 14:00:11.133,1.22672,1.22689,1.88,3.00
2013.04.26 14:00:11.614,1.22672,1.22687,2.63,1.50
2013.04.26 14:00:11.975,1.22676,1.22686,1.50,1.50
2013.04.26 14:00:12.094,1.22673,1.22689,1.88,2.25
2013.04.26 14:00:12.214,1.22676,1.2269,2.25,4.50
2013.04.26 14:00:12.644,1.22675,1.2269,1.50,3.75
2013.04.26 14:00:15.678,1.22673,1.22687,2.25,3.00
2013.04.26 14:00:16.354,1.22673,1.22688,2.25,1.50
2013.04.26 14:00:16.474,1.22673,1.22687,1.50,2.25
2013.04.26 14:00:16.835,1.22675,1.22687,2.25,3.00
2013.04.26 14:00:16.895,1.22672,1.22687,1.88,3.00
2013.04.26 14:00:16.955,1.22672,1.22687,4.88,3.00
2013.04.26 14:00:17.568,1.22674,1.22687,2.25,3.00
2013.04.26 14:00:18.911,1.22672,1.22687,3.38,3.00
2013.04.26 14:00:19.458,1.22671,1.22687,1.88,3.00
2013.04.26 14:00:19.644,1.22673,1.22687,2.25,3.00
2013.04.26 14:00:19.954,1.22675,1.22687,2.25,3.00
2013.04.26 14:00:20.505,1.22672,1.22687,1.50,3.00
2013.04.26 14:00:21.854,1.22673,1.22688,1.50,2.25
2013.04.26 14:00:22.164,1.22675,1.22688,1.50,2.25
2013.04.26 14:00:22.414,1.22676,1.22688,2.25,2.25
2013.04.26 14:00:24.274,1.22677,1.22688,1.50,2.25
2013.04.26 14:00:24.333,1.22677,1.22692,1.50,4.50
2013.04.26 14:00:24.513,1.22676,1.22692,1.88,4.50
2013.04.26 14:00:24.755,1.22676,1.2269,1.88,2.25
2013.04.26 14:00:25.114,1.22678,1.22691,3.75,2.25
2013.04.26 14:00:25.655,1.2268,1.22691,2.25,2.25
2013.04.26 14:00:26.324,1.22684,1.22691,3.75,2.25
2013.04.26 14:00:26.445,1.2268,1.22691,1.50,2.25
2013.04.26 14:00:26.565,1.22678,1.22692,1.50,4.58
2013.04.26 14:00:26.985,1.22676,1.22692,1.13,6.83
2013.04.26 14:00:27.544,1.22675,1.22691,1.50,1.50
2013.04.26 14:00:28.155,1.22675,1.22691,1.50,1.50
2013.04.26 14:00:28.243,1.22677,1.22692,3.00,5.25
2013.04.26 14:00:28.557,1.22676,1.22689,1.50,2.25
2013.04.26 14:00:28.864,1.22682,1.22692,3.75,1.50
2013.04.26 14:00:29.619,1.22684,1.22692,2.25,1.50
2013.04.26 14:00:30.208,1.22681,1.22692,1.50,1.50
2013.04.26 14:00:30.584,1.2268,1.2269,3.00,2.25
2013.04.26 14:00:31.124,1.22677,1.2269,3.00,2.25
2013.04.26 14:00:33.703,1.22682,1.2269,3.75,2.25
2013.04.26 14:00:33.944,1.22682,1.22692,4.50,3.75
2013.04.26 14:00:37.424,1.22678,1.22692,1.50,4.35
2013.04.26 14:00:38.405,1.22683,1.22692,1.50,2.85
2013.04.26 14:00:38.525,1.22683,1.22696,1.50,7.05
2013.04.26 14:00:38.654,1.22678,1.22693,1.50,3.00
2013.04.26 14:00:38.897,1.22678,1.22693,1.50,3.00
2013.04.26 14:00:39.024,1.22677,1.22693,3.38,3.75
2013.04.26 14:00:39.084,1.22677,1.22692,3.38,3.75
2013.04.26 14:00:39.685,1.22678,1.22692,1.50,3.75
2013.04.26 14:00:39.993,1.22678,1.22691,1.50,3.00
2013.04.26 14:00:48.396,1.22677,1.2269,3.00,1.50
2013.04.26 14:00:48.704,1.22679,1.22691,2.25,2.25
2013.04.26 14:00:50.215,1.2268,1.2269,1.50,1.50
2013.04.26 14:00:50.573,1.22681,1.2269,1.50,1.50
2013.04.26 14:00:50.754,1.22678,1.2269,2.25,1.50
2013.04.26 14:00:51.514,1.2268,1.2269,3.75,1.50
2013.04.26 14:00:51.575,1.22679,1.2269,1.50,1.50
2013.04.26 14:00:53.705,1.2268,1.2269,3.75,1.50
2013.04.26 14:00:53.825,1.22678,1.2269,3.75,1.50
2013.04.26 14:00:54.349,1.22675,1.2269,3.00,1.50
2013.04.26 14:00:58.024,1.22678,1.2269,5.25,1.50
2013.04.26 14:01:00.093,1.22678,1.2269,1.50,1.50
2013.04.26 14:01:00.824,1.22678,1.2269,1.50,1.50
2013.04.26 14:01:01.344,1.22678,1.2269,3.75,1.50
2013.04.26 14:01:02.087,1.22678,1.22692,3.75,3.00
2013.04.26 14:01:02.165,1.22678,1.22692,3.75,2.25
2013.04.26 14:01:02.364,1.22683,1.22693,2.25,3.08
2013.04.26 14:01:03.127,1.22683,1.22695,2.25,2.25
2013.04.26 14:01:03.374,1.22683,1.22695,2.25,1.50
2013.04.26 14:01:04.175,1.22682,1.22695,3.00,1.50
2013.04.26 14:01:04.357,1.22684,1.22696,2.25,2.63
2013.04.26 14:01:04.485,1.22682,1.22696,1.50,1.13
2013.04.26 14:01:04.844,1.2268,1.22695,1.50,3.00
2013.04.26 14:01:05.205,1.22681,1.22696,3.00,1.13
2013.04.26 14:01:05.326,1.22682,1.22694,1.50,2.25
2013.04.26 14:01:05.576,1.22682,1.22696,1.50,1.88
2013.04.26 14:01:05.883,1.22682,1.22694,1.50,3.75
2013.04.26 14:01:05.956,1.22682,1.22696,1.50,1.88
2013.04.26 14:01:07.674,1.22682,1.22696,2.25,1.50
2013.04.26 14:01:08.393,1.22683,1.22697,3.00,2.25
2013.04.26 14:01:08.966,1.22684,1.22697,1.50,2.25
2013.04.26 14:01:09.363,1.22691,1.22697,2.25,2.25
2013.04.26 14:01:09.426,1.22691,1.227,2.25,6.83
2013.04.26 14:01:09.614,1.22686,1.22701,1.50,1.88
2013.04.26 14:01:09.734,1.22684,1.22699,2.25,2.25
2013.04.26 14:01:10.253,1.22684,1.22699,1.50,2.25
2013.04.26 14:01:10.813,1.22683,1.22698,3.75,1.50
2013.04.26 14:01:11.175,1.22683,1.22697,1.50,2.25
2013.04.26 14:01:11.713,1.22684,1.22697,3.00,2.25
2013.04.26 14:01:12.258,1.22682,1.22696,1.50,3.00
2013.04.26 14:01:12.583,1.22682,1.22694,1.50,2.25
2013.04.26 14:01:13.194,1.22682,1.22696,1.50,1.50
2013.04.26 14:01:13.434,1.22682,1.22694,1.50,4.50
2013.04.26 14:01:13.794,1.22682,1.22697,1.50,3.00
2013.04.26 14:01:14.333,1.22682,1.22695,1.50,1.50
2013.04.26 14:01:16.753,1.22682,1.22697,1.50,2.25
2013.04.26 14:01:17.266,1.22682,1.22697,1.50,2.25
2013.04.26 14:01:17.956,1.22686,1.22697,3.75,2.25
2013.04.26 14:01:18.036,1.22684,1.22699,3.00,1.50
2013.04.26 14:01:18.105,1.22684,1.22698,3.00,3.00
2013.04.26 14:01:19.414,1.22687,1.22698,2.25,3.00
2013.04.26 14:01:19.474,1.22684,1.22698,3.00,3.00
2013.04.26 14:01:20.015,1.22684,1.22699,3.75,3.00
2013.04.26 14:01:21.024,1.22684,1.22698,3.00,2.25
2013.04.26 14:01:21.564,1.22683,1.22698,2.25,3.00
2013.04.26 14:01:21.684,1.22684,1.22698,4.50,3.00
2013.04.26 14:01:22.393,1.22683,1.22698,2.25,3.00
2013.04.26 14:01:22.906,1.22682,1.22697,1.13,1.50
2013.04.26 14:01:22.967,1.22682,1.22697,1.13,3.00
2013.04.26 14:01:23.094,1.22682,1.22698,1.13,5.25
2013.04.26 14:01:26.103,1.22681,1.22696,1.50,2.25
2013.04.26 14:01:26.413,1.22681,1.22695,1.50,1.50
2013.04.26 14:01:26.845,1.22681,1.22697,1.50,2.25
2013.04.26 14:01:27.629,1.22684,1.22698,3.75,3.75
2013.04.26 14:01:27.945,1.22682,1.22699,3.75,1.88
2013.04.26 14:01:28.125,1.22685,1.22699,2.25,1.88
2013.04.26 14:01:28.663,1.22685,1.22697,2.25,3.00
2013.04.26 14:01:28.843,1.22683,1.22697,3.75,3.00
2013.04.26 14:01:28.963,1.22685,1.22697,2.25,3.00
2013.04.26 14:01:29.264,1.22682,1.22697,2.63,3.00
2013.04.26 14:01:29.384,1.22686,1.22697,2.25,3.00
2013.04.26 14:01:29.745,1.22683,1.22697,3.75,3.00
2013.04.26 14:01:30.615,1.22685,1.22697,2.25,3.00
2013.04.26 14:01:31.285,1.22683,1.22697,3.75,3.00
2013.04.26 14:01:31.404,1.22682,1.22697,1.88,3.00
2013.04.26 14:01:31.583,1.22686,1.22697,2.25,3.00
2013.04.26 14:01:32.485,1.22686,1.22699,2.25,1.50
2013.04.26 14:01:32.844,1.22686,1.227,2.25,3.00
2013.04.26 14:01:33.984,1.22688,1.227,2.25,3.00
2013.04.26 14:01:34.893,1.22685,1.227,1.50,3.00
2013.04.26 14:01:36.303,1.22689,1.227,3.75,3.00
2013.04.26 14:01:37.331,1.22689,1.22701,3.75,2.63
2013.04.26 14:01:37.951,1.22685,1.22701,3.75,2.63
2013.04.26 14:01:39.015,1.22686,1.22701,1.50,3.00
2013.04.26 14:01:40.094,1.22686,1.227,1.50,2.25
2013.04.26 14:01:42.046,1.22688,1.227,2.25,2.25
2013.04.26 14:01:42.164,1.22688,1.22701,2.25,1.50
2013.04.26 14:01:44.028,1.22685,1.22701,1.50,1.50
2013.04.26 14:01:45.673,1.22687,1.22701,3.00,2.25
2013.04.26 14:01:46.293,1.22688,1.22701,2.25,2.25
2013.04.26 14:01:46.981,1.22685,1.22701,1.50,2.25
2013.04.26 14:01:47.104,1.22684,1.22699,2.63,2.25
2013.04.26 14:01:47.633,1.22686,1.22699,4.50,2.25
2013.04.26 14:01:51.384,1.22687,1.22699,1.50,2.25
2013.04.26 14:01:51.503,1.22687,1.22701,1.50,4.50
2013.04.26 14:02:00.006,1.22686,1.22701,3.75,3.75
2013.04.26 14:02:01.014,1.22687,1.22701,1.50,3.75
2013.04.26 14:02:04.425,1.22687,1.22696,3.00,1.50
2013.04.26 14:02:04.852,1.22682,1.22698,4.88,5.18
2013.04.26 14:02:04.977,1.22688,1.22699,3.75,3.00
2013.04.26 14:02:05.105,1.22686,1.22699,3.00,1.50
2013.04.26 14:02:05.657,1.22683,1.22699,1.50,2.25
2013.04.26 14:02:06.643,1.22687,1.22699,2.25,2.25
2013.04.26 14:02:07.144,1.22688,1.227,2.25,5.33
2013.04.26 14:02:08.583,1.22685,1.227,1.71,4.58
2013.04.26 14:02:08.703,1.22687,1.227,2.25,4.58
2013.04.26 14:02:11.169,1.22687,1.22698,2.25,2.25
2013.04.26 14:02:11.249,1.22685,1.22698,1.50,2.25
2013.04.26 14:02:11.666,1.22684,1.22698,1.50,2.25
2013.04.26 14:02:12.025,1.22689,1.22698,3.75,2.25
2013.04.26 14:02:15.374,1.22687,1.22698,2.46,2.25
2013.04.26 14:02:15.613,1.22685,1.22698,1.71,2.25
2013.04.26 14:02:16.126,1.22685,1.22698,1.50,2.25
2013.04.26 14:02:17.734,1.22683,1.22698,1.50,2.25
2013.04.26 14:02:18.164,1.22686,1.22696,1.50,2.25
2013.04.26 14:02:18.714,1.22684,1.22696,1.50,2.25
2013.04.26 14:02:19.023,1.22683,1.22698,1.61,2.25
2013.04.26 14:02:19.715,1.22684,1.22698,1.50,2.25
2013.04.26 14:02:21.155,1.22685,1.22698,1.50,2.25
2013.04.26 14:02:21.394,1.22684,1.227,1.50,4.28
2013.04.26 14:02:21.517,1.22683,1.22698,2.63,2.25
2013.04.26 14:02:22.805,1.22684,1.22698,1.50,2.25
2013.04.26 14:02:24.715,1.22686,1.22698,2.25,2.25
2013.04.26 14:02:25.077,1.22691,1.22698,3.75,4.50
2013.04.26 14:02:25.145,1.22684,1.22698,1.05,4.50
2013.04.26 14:02:25.203,1.22685,1.22698,1.70,2.25
2013.04.26 14:02:25.565,1.22693,1.227,2.25,2.25
2013.04.26 14:02:25.685,1.22692,1.22702,2.25,1.82
2013.04.26 14:02:25.811,1.22689,1.22703,1.50,3.17
2013.04.26 14:02:26.162,1.22688,1.22702,3.00,2.65
2013.04.26 14:02:26.365,1.22687,1.22702,1.50,4.90
2013.04.26 14:02:28.659,1.22687,1.22701,1.50,1.45
2013.04.26 14:02:28.725,1.22689,1.22701,3.75,1.45
2013.04.26 14:02:29.774,1.22687,1.22701,1.50,1.45
2013.04.26 14:02:29.968,1.2269,1.22701,3.75,1.45
2013.04.26 14:02:32.474,1.22689,1.22701,3.75,1.45
2013.04.26 14:02:32.594,1.22687,1.22701,3.00,1.13
2013.04.26 14:02:32.714,1.2269,1.22701,3.75,1.13
2013.04.26 14:02:32.973,1.22687,1.22701,3.00,1.13
2013.04.26 14:02:33.477,1.22687,1.22701,2.25,1.45
2013.04.26 14:02:36.374,1.22685,1.227,3.75,3.15
2013.04.26 14:02:36.934,1.22685,1.22701,5.25,3.75
2013.04.26 14:02:37.085,1.22685,1.22701,5.25,1.50
2013.04.26 14:02:38.154,1.22685,1.22701,2.63,1.50
2013.04.26 14:02:38.484,1.22687,1.22701,3.75,1.50
2013.04.26 14:02:40.534,1.22689,1.22697,2.25,1.13
2013.04.26 14:02:42.377,1.22691,1.22698,2.25,1.50
2013.04.26 14:02:42.924,1.22692,1.22699,2.25,1.50
2013.04.26 14:02:44.496,1.22689,1.22698,3.75,1.13
2013.04.26 14:02:44.864,1.22686,1.22699,4.88,1.13
2013.04.26 14:02:45.407,1.22684,1.22698,2.63,1.13
2013.04.26 14:02:47.353,1.22686,1.22698,3.00,1.13
2013.04.26 14:02:47.447,1.22686,1.22701,3.00,2.25
2013.04.26 14:02:48.553,1.22686,1.22701,1.50,3.00
2013.04.26 14:02:52.113,1.22686,1.22701,3.75,3.00
2013.04.26 14:02:52.173,1.2269,1.22701,2.25,3.32
2013.04.26 14:02:52.903,1.22689,1.22701,2.25,2.57
2013.04.26 14:02:53.324,1.22691,1.22702,3.75,1.22
2013.04.26 14:02:53.873,1.22691,1.22702,3.75,1.07
2013.04.26 14:02:54.234,1.22689,1.22702,3.75,1.22
2013.04.26 14:02:54.777,1.22689,1.22701,3.75,3.32
2013.04.26 14:02:55.615,1.22686,1.22701,1.50,3.47
2013.04.26 14:02:56.154,1.22686,1.22701,3.75,5.48
2013.04.26 14:03:00.895,1.22686,1.22701,2.25,5.80
2013.04.26 14:03:01.684,1.22686,1.22701,3.75,5.80
2013.04.26 14:03:02.604,1.22687,1.22701,3.75,3.15
2013.04.26 14:03:05.495,1.22694,1.22701,3.75,3.15
2013.04.26 14:03:05.734,1.2269,1.22701,2.25,2.57
2013.04.26 14:03:06.796,1.22688,1.22701,3.75,2.25
2013.04.26 14:03:09.754,1.22694,1.22701,2.25,2.25
2013.04.26 14:03:09.995,1.2269,1.22701,3.75,2.57
2013.04.26 14:03:10.374,1.22687,1.22701,1.50,2.95
2013.04.26 14:03:10.915,1.22686,1.227,3.00,2.25
2013.04.26 14:03:11.454,1.22684,1.227,1.13,2.25
2013.04.26 14:03:11.993,1.22686,1.227,3.00,2.25
2013.04.26 14:03:13.587,1.22686,1.22701,4.50,1.82
2013.04.26 14:03:17.079,1.22692,1.22701,2.25,1.82
2013.04.26 14:03:18.513,1.22691,1.22701,2.25,1.50
2013.04.26 14:03:20.907,1.22686,1.22701,3.38,1.65
2013.04.26 14:03:21.095,1.22691,1.22701,1.50,1.50
2013.04.26 14:03:21.515,1.22693,1.22703,2.25,2.25
2013.04.26 14:03:21.874,1.22696,1.22703,3.75,2.25
2013.04.26 14:03:22.234,1.22696,1.22704,3.75,1.50
2013.04.26 14:03:22.296,1.22692,1.22704,3.75,1.50
2013.04.26 14:03:22.414,1.22695,1.22704,3.75,1.50
2013.04.26 14:03:22.475,1.22692,1.22705,3.75,2.25
2013.04.26 14:03:22.595,1.22692,1.22707,3.75,3.38
2013.04.26 14:03:23.103,1.22692,1.22706,4.13,3.38
2013.04.26 14:03:23.533,1.22695,1.22706,3.75,3.30
2013.04.26 14:03:24.281,1.22695,1.22706,3.75,1.80
2013.04.26 14:03:25.385,1.22695,1.22705,3.75,2.25
2013.04.26 14:03:25.941,1.22694,1.22705,3.75,2.25
2013.04.26 14:03:26.614,1.22696,1.22705,2.25,2.25
2013.04.26 14:03:27.154,1.22696,1.22706,2.25,4.73
2013.04.26 14:03:31.204,1.22697,1.22706,2.25,3.98
2013.04.26 14:03:32.025,1.22697,1.22705,2.25,3.75
2013.04.26 14:03:42.090,1.22694,1.22705,3.75,3.75
2013.04.26 14:03:42.634,1.22694,1.22703,3.75,2.25
2013.04.26 14:03:46.995,1.22691,1.22704,2.63,2.25
2013.04.26 14:03:47.245,1.22698,1.22707,3.75,2.33
2013.04.26 14:03:47.424,1.22698,1.22709,3.75,2.25
2013.04.26 14:03:47.485,1.22698,1.22711,3.75,3.00
2013.04.26 14:03:47.666,1.22697,1.22713,2.40,3.38
2013.04.26 14:03:47.725,1.227,1.22713,5.25,2.63
2013.04.26 14:03:48.026,1.22698,1.22713,2.25,4.13
2013.04.26 14:03:48.087,1.227,1.22713,2.25,4.13
2013.04.26 14:03:48.505,1.22698,1.22713,2.25,3.90
2013.04.26 14:03:48.576,1.22697,1.22712,3.38,1.13
2013.04.26 14:03:49.115,1.22698,1.22711,3.75,3.00
2013.04.26 14:03:49.246,1.22698,1.22711,3.75,2.63
2013.04.26 14:03:49.314,1.227,1.22711,2.25,2.63
2013.04.26 14:03:49.996,1.227,1.22713,4.50,4.58
2013.04.26 14:03:50.305,1.22703,1.22713,2.25,2.25
2013.04.26 14:03:50.835,1.22704,1.22713,3.75,2.25
2013.04.26 14:03:51.636,1.22705,1.22713,1.50,2.25
2013.04.26 14:03:51.766,1.22705,1.22715,1.13,2.25
2013.04.26 14:03:51.885,1.22704,1.22715,3.90,2.25
2013.04.26 14:03:52.005,1.22706,1.22715,1.88,2.25
2013.04.26 14:03:52.066,1.22706,1.22717,2.03,2.25
2013.04.26 14:03:52.127,1.2271,1.22722,2.25,3.00
2013.04.26 14:03:52.363,1.22709,1.22725,3.00,4.13
2013.04.26 14:03:52.667,1.22709,1.22724,2.63,1.13
2013.04.26 14:03:53.204,1.22708,1.22723,1.13,1.13
2013.04.26 14:03:53.775,1.22707,1.22723,4.88,1.13
2013.04.26 14:03:54.334,1.22706,1.22723,2.25,1.13
2013.04.26 14:03:54.635,1.22705,1.22722,1.50,3.15
2013.04.26 14:03:56.265,1.22705,1.22722,1.88,3.15
2013.04.26 14:03:57.045,1.22706,1.22722,4.13,3.15
2013.04.26 14:03:57.584,1.22705,1.22722,2.25,3.00
2013.04.26 14:03:57.704,1.22705,1.22722,1.88,3.15
2013.04.26 14:03:57.825,1.22707,1.22722,3.75,3.15
2013.04.26 14:03:59.044,1.22705,1.22722,1.13,3.90
2013.04.26 14:03:59.105,1.22708,1.22722,2.25,3.15
2013.04.26 14:03:59.225,1.22706,1.22722,2.63,3.15
2013.04.26 14:03:59.730,1.22705,1.22722,3.75,3.15
2013.04.26 14:04:04.044,1.22704,1.22721,3.00,3.38
2013.04.26 14:04:04.224,1.22704,1.22721,4.13,2.40
2013.04.26 14:04:04.464,1.22704,1.22721,3.00,4.13
2013.04.26 14:04:04.644,1.22704,1.22721,3.90,2.25
2013.04.26 14:04:05.200,1.22704,1.22721,3.90,1.50
2013.04.26 14:04:06.003,1.22704,1.22722,4.28,3.90
2013.04.26 14:04:08.574,1.22704,1.22712,3.90,2.25
2013.04.26 14:04:08.875,1.22704,1.2271,1.65,2.25
2013.04.26 14:04:09.567,1.22706,1.22712,2.25,2.25
2013.04.26 14:04:10.595,1.22707,1.22712,1.50,2.25
2013.04.26 14:04:10.656,1.22707,1.22717,1.50,2.25
2013.04.26 14:04:11.894,1.22707,1.22719,1.50,2.25
2013.04.26 14:04:13.746,1.22705,1.22719,1.50,2.25
2013.04.26 14:04:13.994,1.22705,1.22721,1.50,3.00
2013.04.26 14:04:14.861,1.22705,1.22722,1.50,2.40
2013.04.26 14:04:16.374,1.22704,1.22722,4.28,3.15
2013.04.26 14:04:17.074,1.22706,1.22722,5.25,2.40
2013.04.26 14:04:17.195,1.22707,1.22724,1.50,3.15
2013.04.26 14:04:17.795,1.22707,1.22724,3.00,3.15
2013.04.26 14:04:18.697,1.22709,1.22724,3.00,3.15
2013.04.26 14:04:19.304,1.22708,1.22723,1.13,2.40
2013.04.26 14:04:19.844,1.22707,1.22723,4.28,2.40
2013.04.26 14:04:20.385,1.22709,1.22723,1.50,2.25
2013.04.26 14:04:20.687,1.22711,1.22723,2.25,2.25
2013.04.26 14:04:21.566,1.22708,1.22723,3.00,2.25
2013.04.26 14:04:22.736,1.2271,1.22723,3.75,2.25
2013.04.26 14:04:22.867,1.2271,1.22725,6.00,3.38
2013.04.26 14:04:26.135,1.2271,1.22725,1.50,2.63
2013.04.26 14:04:28.157,1.2271,1.22725,1.13,2.25
2013.04.26 14:04:29.077,1.2271,1.22724,2.25,1.13
2013.04.26 14:04:29.625,1.22709,1.22721,2.25,3.75
2013.04.26 14:04:29.685,1.22708,1.22721,1.13,3.75
2013.04.26 14:04:29.924,1.22705,1.2272,2.25,1.50
2013.04.26 14:04:30.164,1.22703,1.22719,2.63,2.40
2013.04.26 14:04:30.745,1.22703,1.2272,1.13,3.38
2013.04.26 14:04:33.035,1.22703,1.2272,1.50,2.25
2013.04.26 14:04:34.374,1.22703,1.22719,1.13,4.50
2013.04.26 14:04:34.735,1.22704,1.22721,2.63,1.13
2013.04.26 14:04:36.704,1.22705,1.22722,2.40,2.25
2013.04.26 14:04:38.795,1.22705,1.22722,1.28,3.00
2013.04.26 14:04:40.495,1.22706,1.22722,2.25,1.50
2013.04.26 14:04:42.376,1.22706,1.22722,2.25,3.00
2013.04.26 14:04:43.370,1.22712,1.22722,2.25,2.25
2013.04.26 14:04:43.447,1.22709,1.22722,2.78,2.25
2013.04.26 14:04:43.587,1.22709,1.22722,1.13,1.50
2013.04.26 14:04:44.454,1.22709,1.22724,1.13,3.00
2013.04.26 14:04:46.155,1.22708,1.22722,1.50,2.25
2013.04.26 14:04:47.304,1.22707,1.22722,1.13,2.25
2013.04.26 14:04:47.665,1.22709,1.22722,4.50,2.25
2013.04.26 14:04:48.025,1.22707,1.22722,1.50,2.25
2013.04.26 14:04:48.248,1.22708,1.22722,2.25,2.25
2013.04.26 14:04:48.676,1.22704,1.22721,3.38,2.25
2013.04.26 14:04:50.380,1.22705,1.22722,3.15,3.00
2013.04.26 14:04:52.134,1.22706,1.22722,3.00,3.00
2013.04.26 14:04:52.675,1.22707,1.22723,3.00,2.25
2013.04.26 14:04:53.194,1.22709,1.22723,1.50,2.25
2013.04.26 14:04:54.209,1.22705,1.22722,1.28,2.63
2013.04.26 14:04:57.922,1.22704,1.22719,1.13,2.25
2013.04.26 14:04:58.245,1.22703,1.22718,1.65,3.75
2013.04.26 14:04:58.427,1.22704,1.22718,2.25,1.50
2013.04.26 14:04:58.737,1.22705,1.22722,2.25,4.13
2013.04.26 14:04:59.045,1.22705,1.22721,2.25,1.05
2013.04.26 14:04:59.594,1.22704,1.22718,2.25,1.65
2013.04.26 14:05:00.925,1.22704,1.22719,2.25,1.65
2013.04.26 14:05:01.465,1.22703,1.22716,1.28,2.25
2013.04.26 14:05:01.584,1.22703,1.22719,1.28,2.40
2013.04.26 14:05:02.136,1.22703,1.22719,1.28,2.40
2013.04.26 14:05:03.783,1.22704,1.22721,1.13,4.80
2013.04.26 14:05:05.758,1.22704,1.22721,2.63,3.90
2013.04.26 14:05:05.884,1.22706,1.22722,1.13,1.50
2013.04.26 14:05:06.415,1.22706,1.22721,1.13,1.50
2013.04.26 14:05:07.864,1.22705,1.22722,3.53,1.50
2013.04.26 14:05:08.404,1.22706,1.22723,1.88,3.15
2013.04.26 14:05:09.014,1.22706,1.22722,1.13,1.50
2013.04.26 14:05:09.374,1.22708,1.22723,2.25,4.65
2013.04.26 14:05:10.625,1.22708,1.22724,2.25,2.63
2013.04.26 14:05:13.227,1.2271,1.22725,2.25,1.13
2013.04.26 14:05:13.415,1.22708,1.22724,2.63,1.28
2013.04.26 14:05:15.568,1.22707,1.22721,2.63,2.25
2013.04.26 14:05:15.638,1.22709,1.22726,2.25,4.50
2013.04.26 14:05:15.766,1.2271,1.22726,1.50,4.50
2013.04.26 14:05:15.886,1.22708,1.22725,2.25,2.63
2013.04.26 14:05:16.454,1.22711,1.22725,2.25,3.38
2013.04.26 14:05:16.757,1.22711,1.22721,2.25,2.25
2013.04.26 14:05:17.005,1.22708,1.22722,2.25,3.00
2013.04.26 14:05:17.484,1.2271,1.22722,2.25,2.25
2013.04.26 14:05:18.026,1.22714,1.22723,2.25,3.00
2013.04.26 14:05:18.095,1.2271,1.22723,1.50,3.00
2013.04.26 14:05:18.574,1.22709,1.22725,5.25,1.13
2013.04.26 14:05:18.984,1.22713,1.22725,2.25,1.13
2013.04.26 14:05:20.187,1.22712,1.22725,2.25,1.13
2013.04.26 14:05:20.315,1.22711,1.22725,1.50,1.13
2013.04.26 14:05:20.436,1.22709,1.22725,1.50,1.13
2013.04.26 14:05:22.066,1.22709,1.22725,1.50,1.88
2013.04.26 14:05:22.424,1.22708,1.22715,2.25,3.00
2013.04.26 14:05:23.537,1.22707,1.22712,3.00,2.25
2013.04.26 14:05:24.185,1.22708,1.22718,2.25,3.00
2013.04.26 14:05:24.734,1.22708,1.22719,2.25,3.00
2013.04.26 14:05:24.975,1.22706,1.22719,1.65,2.25
2013.04.26 14:05:25.534,1.22705,1.2272,1.50,2.25
2013.04.26 14:05:25.715,1.22705,1.22717,1.50,2.25
2013.04.26 14:05:25.954,1.22705,1.22719,1.50,2.25
2013.04.26 14:05:26.854,1.22705,1.22717,1.13,2.25
2013.04.26 14:05:30.963,1.22704,1.22717,1.88,2.25
2013.04.26 14:05:38.129,1.22707,1.22717,2.40,2.25
2013.04.26 14:05:38.677,1.2271,1.22718,1.50,2.25
2013.04.26 14:05:39.156,1.22707,1.22718,2.78,2.25
2013.04.26 14:05:39.695,1.22707,1.22718,1.28,2.25
2013.04.26 14:05:41.759,1.22707,1.22718,2.40,2.25
2013.04.26 14:05:41.826,1.22709,1.22718,2.25,2.25
2013.04.26 14:05:42.497,1.22707,1.22718,1.65,2.25
2013.04.26 14:05:43.045,1.22705,1.22718,3.83,2.25
2013.04.26 14:05:55.294,1.22709,1.22718,2.25,2.25
2013.04.26 14:05:55.535,1.22708,1.22718,1.13,2.25
2013.04.26 14:05:55.716,1.22708,1.22721,1.88,1.50
2013.04.26 14:05:56.338,1.22708,1.22721,5.63,2.25
2013.04.26 14:05:56.596,1.2271,1.22721,2.25,2.25
2013.04.26 14:05:56.956,1.2271,1.22723,1.88,2.25
2013.04.26 14:05:57.555,1.22712,1.22723,3.90,2.25
2013.04.26 14:05:57.617,1.22714,1.22723,2.25,2.25
2013.04.26 14:05:57.865,1.22714,1.22724,2.25,1.50
2013.04.26 14:05:58.302,1.22711,1.22725,3.00,3.00
2013.04.26 14:05:58.509,1.2271,1.22723,1.88,2.25
2013.04.26 14:06:00.687,1.2271,1.22723,2.63,2.25
2013.04.26 14:06:01.475,1.2271,1.22723,1.50,2.25
2013.04.26 14:06:02.500,1.22706,1.22722,1.35,2.25
2013.04.26 14:06:08.760,1.22708,1.22724,4.95,4.50
2013.04.26 14:06:09.302,1.22708,1.22724,4.95,1.50
2013.04.26 14:06:11.775,1.22709,1.22723,2.25,2.25
2013.04.26 14:06:13.654,1.22711,1.22723,2.25,2.25
2013.04.26 14:06:13.955,1.22709,1.22724,1.50,2.25
2013.04.26 14:06:14.494,1.22708,1.22723,4.35,3.00
2013.04.26 14:06:15.044,1.22712,1.22723,1.50,3.00
2013.04.26 14:06:16.552,1.2271,1.22723,1.50,3.00
2013.04.26 14:06:17.555,1.22709,1.22725,1.88,3.90
2013.04.26 14:06:26.256,1.22711,1.22725,1.13,3.00
2013.04.26 14:06:26.434,1.22709,1.22725,3.53,3.00
2013.04.26 14:06:26.974,1.22709,1.22724,2.03,2.25
2013.04.26 14:06:27.485,1.22709,1.22725,2.03,1.50
2013.04.26 14:06:27.607,1.22709,1.22726,1.28,3.00
2013.04.26 14:06:30.715,1.22709,1.22724,1.13,2.25
2013.04.26 14:06:30.836,1.2271,1.22725,1.50,3.00
2013.04.26 14:06:31.134,1.22709,1.22726,2.63,3.00
2013.04.26 14:06:32.924,1.22709,1.22724,3.75,3.75
2013.04.26 14:06:33.164,1.22709,1.22724,2.63,3.75
2013.04.26 14:06:33.284,1.22709,1.22725,1.13,1.50
2013.04.26 14:06:33.344,1.22708,1.22726,3.75,2.40
2013.04.26 14:06:33.926,1.22708,1.22725,3.75,5.25
2013.04.26 14:06:35.055,1.22711,1.22725,2.25,2.25
2013.04.26 14:06:35.114,1.22711,1.22726,2.25,1.65
2013.04.26 14:06:35.535,1.22711,1.22724,2.25,1.50
2013.04.26 14:06:35.655,1.22711,1.22726,2.25,1.65
2013.04.26 14:06:36.326,1.22711,1.22725,2.25,3.75
2013.04.26 14:06:36.514,1.22711,1.22727,2.25,3.98
2013.04.26 14:06:37.474,1.22711,1.22725,2.25,3.75
2013.04.26 14:06:39.684,1.22709,1.22725,1.50,5.25
2013.04.26 14:06:39.924,1.22708,1.22723,1.88,2.25
2013.04.26 14:06:40.234,1.22709,1.22724,1.50,1.50
2013.04.26 14:06:40.774,1.22709,1.22726,1.50,3.15
2013.04.26 14:06:40.836,1.22709,1.22726,5.25,3.15
2013.04.26 14:06:41.194,1.22709,1.22723,3.75,3.75
2013.04.26 14:06:41.734,1.2271,1.22724,1.50,3.00
2013.04.26 14:06:42.256,1.22709,1.22723,2.25,1.50
2013.04.26 14:06:43.316,1.2271,1.22721,1.50,3.75
2013.04.26 14:06:43.444,1.2271,1.22723,1.50,2.25
2013.04.26 14:06:43.565,1.2271,1.2272,1.50,3.75
2013.04.26 14:06:44.044,1.2271,1.22723,1.50,1.50
2013.04.26 14:06:44.344,1.2271,1.22721,1.50,3.75
2013.04.26 14:06:48.677,1.2271,1.22723,1.50,2.25
2013.04.26 14:06:51.474,1.22707,1.22723,3.57,3.00
2013.04.26 14:06:53.570,1.22707,1.22724,4.32,3.00
2013.04.26 14:06:54.115,1.2271,1.22725,1.50,2.25
2013.04.26 14:06:54.648,1.2271,1.22724,1.50,1.50
2013.04.26 14:06:55.074,1.2271,1.22722,1.50,3.75
2013.04.26 14:06:55.434,1.2271,1.22719,1.50,2.25
2013.04.26 14:06:56.538,1.2271,1.22719,1.50,2.25
2013.04.26 14:06:57.566,1.2271,1.2272,1.65,2.25
2013.04.26 14:06:58.124,1.2271,1.2272,1.50,2.25
2013.04.26 14:06:58.665,1.2271,1.22721,1.50,2.25
2013.04.26 14:06:59.084,1.2271,1.22723,1.50,2.25
2013.04.26 14:06:59.385,1.2271,1.22722,2.25,3.75
2013.04.26 14:06:59.686,1.22709,1.22719,1.50,3.75
2013.04.26 14:07:00.604,1.22709,1.22722,1.13,3.75
2013.04.26 14:07:04.406,1.22709,1.22725,1.88,8.03
2013.04.26 14:07:04.945,1.22709,1.22724,1.88,2.25
2013.04.26 14:07:05.306,1.22709,1.22724,1.88,2.25
2013.04.26 14:07:05.612,1.22709,1.22722,1.88,3.75
2013.04.26 14:07:06.255,1.22709,1.22723,1.88,2.25
2013.04.26 14:07:06.574,1.22709,1.22721,1.13,3.75
2013.04.26 14:07:06.634,1.22709,1.22723,1.13,3.00
2013.04.26 14:07:07.254,1.22709,1.22723,1.88,2.25
2013.04.26 14:07:08.234,1.22709,1.22725,1.88,2.03
2013.04.26 14:07:08.534,1.22711,1.22723,2.25,2.25
2013.04.26 14:07:08.834,1.22709,1.22723,1.88,3.00
2013.04.26 14:07:08.954,1.22709,1.22719,1.88,2.25
2013.04.26 14:07:09.314,1.22708,1.22722,1.88,2.25
2013.04.26 14:07:09.435,1.22709,1.22724,1.65,2.25
2013.04.26 14:07:09.735,1.22709,1.22721,1.65,2.25
2013.04.26 14:07:09.858,1.22709,1.22724,1.65,3.00
2013.04.26 14:07:13.218,1.2271,1.22726,1.65,5.33
2013.04.26 14:07:13.767,1.22709,1.22724,3.23,1.50
2013.04.26 14:07:14.545,1.22708,1.22722,1.88,3.75
2013.04.26 14:07:15.243,1.22708,1.22723,1.50,1.50
2013.04.26 14:07:15.386,1.22707,1.22721,1.50,2.10
2013.04.26 14:07:15.685,1.22708,1.22723,1.65,1.50
2013.04.26 14:07:15.744,1.22708,1.22721,1.65,2.25
2013.04.26 14:07:16.045,1.22708,1.22721,1.65,2.25
2013.04.26 14:07:16.284,1.22708,1.22723,1.65,3.75
2013.04.26 14:07:18.444,1.22709,1.22723,1.13,2.25
2013.04.26 14:07:18.685,1.22709,1.22724,1.13,2.25
2013.04.26 14:07:18.984,1.22709,1.22723,1.13,2.25
2013.04.26 14:07:19.105,1.22709,1.22724,1.13,1.50
2013.04.26 14:07:20.875,1.22709,1.22723,1.13,3.75
2013.04.26 14:07:21.295,1.22708,1.2272,1.88,3.75
2013.04.26 14:07:21.995,1.22708,1.2272,1.50,3.75
2013.04.26 14:07:22.055,1.22709,1.22723,1.50,5.25
2013.04.26 14:07:22.176,1.22709,1.22722,1.13,3.75
2013.04.26 14:07:22.475,1.22709,1.22724,1.88,3.00
2013.04.26 14:07:22.774,1.22709,1.22722,1.13,2.25
2013.04.26 14:07:23.615,1.2271,1.22722,1.13,1.50
2013.04.26 14:07:23.978,1.22718,1.22723,2.25,3.00
2013.04.26 14:07:25.035,1.22718,1.22727,2.25,4.65
2013.04.26 14:07:25.457,1.2272,1.22728,3.00,1.50
2013.04.26 14:07:25.644,1.22716,1.22728,1.50,1.13
2013.04.26 14:07:25.824,1.22715,1.22728,2.25,3.75
2013.04.26 14:07:25.884,1.22713,1.22728,2.40,5.33
2013.04.26 14:07:25.944,1.22713,1.22727,2.40,2.25
2013.04.26 14:07:26.494,1.22713,1.22728,2.25,4.50
2013.04.26 14:07:27.225,1.22713,1.22726,2.25,2.40
2013.04.26 14:07:27.535,1.22711,1.22723,2.25,1.50
2013.04.26 14:07:28.142,1.22711,1.22723,2.25,1.50
2013.04.26 14:07:30.094,1.22711,1.22725,2.25,3.00
2013.04.26 14:07:30.395,1.22711,1.22726,2.25,1.65
2013.04.26 14:07:30.695,1.22713,1.22728,2.25,5.70
2013.04.26 14:07:32.505,1.22713,1.22728,2.25,4.88
2013.04.26 14:07:32.865,1.2271,1.22724,1.50,3.00
2013.04.26 14:07:35.041,1.2271,1.22724,3.38,2.25
2013.04.26 14:07:35.107,1.22711,1.22724,1.13,2.25
2013.04.26 14:07:35.176,1.22712,1.22726,4.13,1.50
2013.04.26 14:07:35.484,1.22713,1.2273,3.15,3.38
2013.04.26 14:07:36.235,1.22715,1.2273,2.25,2.25
2013.04.26 14:07:38.114,1.22714,1.22729,4.50,2.03
2013.04.26 14:07:38.474,1.22711,1.22721,1.50,2.25
2013.04.26 14:07:38.656,1.22711,1.22725,1.50,1.50
2013.04.26 14:07:38.836,1.22709,1.22724,2.03,3.00
2013.04.26 14:07:38.957,1.2271,1.22724,2.25,1.50
2013.04.26 14:07:39.276,1.2271,1.22721,2.25,2.25
2013.04.26 14:07:39.886,1.2271,1.22725,2.25,4.88
2013.04.26 14:07:40.675,1.2271,1.22725,2.25,1.13
2013.04.26 14:07:40.751,1.2271,1.2272,2.25,5.25
2013.04.26 14:07:40.959,1.2271,1.22721,3.00,2.25
2013.04.26 14:07:41.459,1.22709,1.22724,1.65,3.00
2013.04.26 14:07:41.525,1.22709,1.2272,1.65,1.50
2013.04.26 14:07:41.646,1.22709,1.22722,1.65,1.50
2013.04.26 14:07:42.098,1.22709,1.22722,1.65,2.25
2013.04.26 14:07:42.648,1.22709,1.22724,1.65,3.75
2013.04.26 14:07:43.314,1.22709,1.22724,1.65,1.50
2013.04.26 14:07:43.844,1.22711,1.22724,1.13,3.00
2013.04.26 14:07:44.204,1.2271,1.22725,1.13,3.75
2013.04.26 14:07:46.007,1.2271,1.22724,1.13,3.00
2013.04.26 14:07:46.527,1.2271,1.22723,1.13,2.25
2013.04.26 14:07:46.954,1.2271,1.22725,1.13,2.25
2013.04.26 14:07:47.134,1.22711,1.22723,1.13,2.25
2013.04.26 14:07:47.254,1.22711,1.22727,1.13,6.00
2013.04.26 14:07:47.735,1.22711,1.22719,1.13,1.50
2013.04.26 14:07:48.274,1.2271,1.2272,1.13,3.00
2013.04.26 14:07:48.805,1.22711,1.22723,1.13,3.00
2013.04.26 14:07:48.864,1.22709,1.2272,1.88,2.25
2013.04.26 14:07:49.415,1.22709,1.2272,1.50,2.25
2013.04.26 14:07:49.916,1.22709,1.22719,1.50,2.25
2013.04.26 14:07:50.155,1.22709,1.2272,1.50,3.00
2013.04.26 14:07:50.215,1.22709,1.22718,1.50,3.00
2013.04.26 14:07:50.755,1.22702,1.22718,1.50,3.75
2013.04.26 14:07:51.502,1.22705,1.22719,1.50,3.00
2013.04.26 14:07:51.582,1.22707,1.22722,3.00,1.50
2013.04.26 14:07:55.625,1.22707,1.22721,3.00,3.00
2013.04.26 14:07:56.604,1.22707,1.22721,2.25,3.00
2013.04.26 14:07:58.797,1.22707,1.2272,2.25,1.50
2013.04.26 14:07:58.925,1.22706,1.2272,1.50,1.50
2013.04.26 14:07:59.972,1.22706,1.2272,4.65,3.00
2013.04.26 14:08:00.059,1.22707,1.22723,1.50,1.13
2013.04.26 14:08:00.975,1.22707,1.22723,1.50,1.88
2013.04.26 14:08:01.276,1.22704,1.22718,1.50,4.50
2013.04.26 14:08:02.013,1.22703,1.22718,3.00,3.00
2013.04.26 14:08:02.555,1.22703,1.22717,3.00,2.25
2013.04.26 14:08:03.114,1.22703,1.22718,3.00,3.00
2013.04.26 14:08:03.692,1.22703,1.22718,3.00,3.00
2013.04.26 14:08:04.785,1.22703,1.22718,3.00,3.75
2013.04.26 14:08:05.344,1.22703,1.22718,3.00,2.25
2013.04.26 14:08:07.543,1.22704,1.22719,3.00,4.09
2013.04.26 14:08:07.856,1.22704,1.22717,1.50,1.65
2013.04.26 14:08:08.158,1.22701,1.22716,1.50,4.95
2013.04.26 14:08:08.706,1.227,1.22714,1.50,1.13
2013.04.26 14:08:08.767,1.227,1.22709,1.50,1.50
2013.04.26 14:08:09.135,1.22698,1.22713,1.50,3.90
2013.04.26 14:08:09.916,1.22698,1.2271,1.50,3.00
2013.04.26 14:08:10.225,1.22695,1.22707,2.25,1.65
2013.04.26 14:08:10.284,1.22691,1.22706,1.50,1.65
2013.04.26 14:08:10.904,1.2269,1.22707,2.25,1.65
2013.04.26 14:08:11.565,1.22689,1.22706,1.50,2.40
2013.04.26 14:08:12.629,1.22684,1.227,1.13,3.00
2013.04.26 14:08:12.934,1.22682,1.22695,5.40,2.25
2013.04.26 14:08:13.114,1.22683,1.22699,1.13,4.50
2013.04.26 14:08:14.155,1.22683,1.22695,1.13,2.25
2013.04.26 14:08:15.175,1.22681,1.22695,3.38,2.25
2013.04.26 14:08:15.595,1.22681,1.22694,3.38,3.75
2013.04.26 14:08:16.105,1.22681,1.22693,2.40,2.25
2013.04.26 14:08:16.656,1.22681,1.22694,1.65,1.50
2013.04.26 14:08:16.896,1.22675,1.2269,2.25,4.13
2013.04.26 14:08:16.956,1.22673,1.22688,2.25,2.25
2013.04.26 14:08:17.015,1.22671,1.22688,3.15,2.25
2013.04.26 14:08:17.574,1.22671,1.22688,1.13,4.50
2013.04.26 14:08:17.936,1.2267,1.22688,4.88,4.88
2013.04.26 14:08:18.056,1.22672,1.22688,3.75,4.13
2013.04.26 14:08:18.365,1.22678,1.2269,1.50,2.25
2013.04.26 14:08:18.500,1.22678,1.22692,1.50,1.88
2013.04.26 14:08:18.936,1.22678,1.22693,1.88,2.25
2013.04.26 14:08:19.319,1.2268,1.22695,1.13,3.00
2013.04.26 14:08:21.465,1.2268,1.22695,1.13,2.25
2013.04.26 14:08:22.108,1.22681,1.22695,2.40,2.25
2013.04.26 14:08:22.665,1.2268,1.22695,1.13,3.00
2013.04.26 14:08:23.386,1.22677,1.22692,5.78,2.25
2013.04.26 14:08:23.744,1.2268,1.22694,2.40,3.00
2013.04.26 14:08:24.684,1.22683,1.22694,2.25,3.00
2013.04.26 14:08:24.865,1.22679,1.22694,2.63,3.00
2013.04.26 14:08:24.925,1.22681,1.22696,1.50,2.25
2013.04.26 14:08:25.045,1.22682,1.22698,2.25,3.15
2013.04.26 14:08:25.924,1.22682,1.22697,2.25,1.13
2013.04.26 14:08:26.047,1.22682,1.22697,3.75,1.50
2013.04.26 14:08:26.115,1.22686,1.22698,2.25,2.25
2013.04.26 14:08:26.354,1.22686,1.227,2.40,3.00
2013.04.26 14:08:26.478,1.22687,1.22702,1.50,4.65
2013.04.26 14:08:26.725,1.22687,1.22702,1.13,2.25
2013.04.26 14:08:27.385,1.22687,1.22702,1.50,2.25
2013.04.26 14:08:27.565,1.22684,1.22699,3.38,1.50
2013.04.26 14:08:27.745,1.22684,1.22697,2.25,1.50
2013.04.26 14:08:28.359,1.22681,1.22697,2.63,1.50
2013.04.26 14:08:28.544,1.22682,1.22698,1.65,3.00
2013.04.26 14:08:28.845,1.22685,1.22697,1.13,2.25
2013.04.26 14:08:28.904,1.22685,1.227,1.13,2.25
2013.04.26 14:08:28.964,1.22685,1.22697,1.13,2.25
2013.04.26 14:08:29.085,1.22683,1.22698,1.13,3.00
2013.04.26 14:08:29.565,1.22682,1.22698,2.63,2.25
2013.04.26 14:08:30.713,1.22683,1.227,2.40,1.88
2013.04.26 14:08:30.786,1.22683,1.22698,2.25,1.13
2013.04.26 14:08:31.325,1.22684,1.22699,2.25,1.50
2013.04.26 14:08:31.834,1.22684,1.227,2.25,3.15
2013.04.26 14:08:32.835,1.22684,1.22697,2.25,2.25
2013.04.26 14:08:33.204,1.22684,1.22699,2.25,1.50
2013.04.26 14:08:34.234,1.22686,1.22702,2.25,2.25
2013.04.26 14:08:34.535,1.22688,1.22702,2.25,2.25
2013.04.26 14:08:35.755,1.22688,1.22704,3.00,2.07
2013.04.26 14:08:36.966,1.22687,1.22704,3.00,2.63
2013.04.26 14:08:37.035,1.22687,1.227,3.00,1.13
2013.04.26 14:08:37.574,1.22686,1.227,2.25,1.13
2013.04.26 14:08:38.115,1.22687,1.22703,2.40,3.08
2013.04.26 14:08:38.175,1.22688,1.22705,3.00,2.59
2013.04.26 14:08:40.306,1.22691,1.22706,2.25,4.09
2013.04.26 14:08:40.607,1.22697,1.22708,3.75,2.25
2013.04.26 14:08:40.914,1.22699,1.22708,3.75,2.25
2013.04.26 14:08:40.975,1.22699,1.2271,3.75,3.15
2013.04.26 14:08:41.395,1.22696,1.2271,1.50,2.40
2013.04.26 14:08:42.084,1.22697,1.2271,1.13,2.25
2013.04.26 14:08:42.205,1.22696,1.22711,2.78,2.25
2013.04.26 14:08:42.325,1.22697,1.22713,3.90,2.25
2013.04.26 14:08:42.445,1.22699,1.22716,2.25,4.13
2013.04.26 14:08:42.805,1.22699,1.22715,2.25,2.40
2013.04.26 14:08:43.045,1.22698,1.22716,3.00,4.88
2013.04.26 14:08:43.167,1.22699,1.22716,1.13,4.50
2013.04.26 14:08:43.476,1.22701,1.22717,5.40,3.23
2013.04.26 14:08:45.146,1.22703,1.22717,1.13,3.08
2013.04.26 14:08:45.266,1.22703,1.22717,3.00,2.33
2013.04.26 14:08:45.806,1.22703,1.22719,3.00,3.00
2013.04.26 14:08:46.315,1.22703,1.22718,3.00,1.50
2013.04.26 14:08:47.385,1.22703,1.22718,3.00,1.50
2013.04.26 14:08:47.506,1.22703,1.22717,3.00,2.25
2013.04.26 14:08:47.566,1.227,1.22716,2.63,1.13
2013.04.26 14:08:47.686,1.22699,1.22713,2.25,1.88
2013.04.26 14:08:47.805,1.22695,1.22711,1.13,1.50
2013.04.26 14:08:47.865,1.22694,1.22711,2.25,1.88
2013.04.26 14:08:48.168,1.22694,1.22706,2.25,2.25
2013.04.26 14:08:48.356,1.22691,1.22707,1.13,1.50
2013.04.26 14:08:48.423,1.22692,1.22708,1.13,2.25
2013.04.26 14:08:48.547,1.22696,1.22709,1.65,2.25
2013.04.26 14:08:50.092,1.22696,1.2271,3.15,3.00
2013.04.26 14:08:50.166,1.22696,1.22713,3.90,1.13
2013.04.26 14:08:51.305,1.22695,1.22712,1.13,2.40
2013.04.26 14:08:51.424,1.22695,1.22711,1.13,4.50
2013.04.26 14:08:51.727,1.22693,1.22708,2.40,1.50
2013.04.26 14:08:52.285,1.22694,1.2271,4.13,1.50
2013.04.26 14:08:52.646,1.22695,1.22711,1.13,1.50
2013.04.26 14:08:53.195,1.22698,1.22713,3.00,2.40
2013.04.26 14:08:54.205,1.22697,1.22713,2.25,2.40
2013.04.26 14:08:54.505,1.22695,1.22712,2.40,3.00
2013.04.26 14:08:54.754,1.22695,1.22711,2.25,1.13
2013.04.26 14:08:55.055,1.22694,1.22705,3.75,1.69
2013.04.26 14:08:55.596,1.22691,1.22705,3.75,1.09
2013.04.26 14:08:55.954,1.22689,1.22702,3.57,1.09
2013.04.26 14:08:56.314,1.22691,1.22701,3.75,2.25
2013.04.26 14:08:57.066,1.22688,1.22701,2.25,2.25
2013.04.26 14:08:57.124,1.22691,1.22703,3.75,4.69
2013.04.26 14:08:57.185,1.22691,1.22704,3.75,1.32
2013.04.26 14:08:57.245,1.22689,1.22704,3.15,1.32
2013.04.26 14:08:57.366,1.22689,1.22704,2.25,3.72
2013.04.26 14:08:57.846,1.22696,1.22704,2.25,3.00
2013.04.26 14:08:58.145,1.22696,1.22707,2.40,2.25
2013.04.26 14:08:58.265,1.22695,1.22709,4.13,4.13
2013.04.26 14:08:58.888,1.22698,1.22709,3.00,3.00
2013.04.26 14:08:59.014,1.22698,1.22712,3.00,3.00
2013.04.26 14:08:59.135,1.22699,1.22714,3.00,2.25
2013.04.26 14:09:00.553,1.22699,1.22714,1.50,2.25
2013.04.26 14:09:02.544,1.22698,1.22712,3.38,1.13
2013.04.26 14:09:03.337,1.22699,1.22707,1.50,1.50
2013.04.26 14:09:03.422,1.22698,1.22713,1.50,2.25
2013.04.26 14:09:05.234,1.22699,1.22715,3.00,3.15
2013.04.26 14:09:05.985,1.22701,1.22716,2.25,2.63
2013.04.26 14:09:06.286,1.22706,1.22718,3.00,1.13
2013.04.26 14:09:06.407,1.22706,1.2272,3.00,1.88
2013.04.26 14:09:06.957,1.22707,1.22724,3.00,4.95
2013.04.26 14:09:07.204,1.22708,1.22724,1.50,4.20
2013.04.26 14:09:11.934,1.22707,1.22722,3.00,3.15
2013.04.26 14:09:12.485,1.22707,1.22723,3.00,1.13
2013.04.26 14:09:14.766,1.22707,1.22723,3.00,3.38
2013.04.26 14:09:15.364,1.22707,1.22721,3.00,1.50
2013.04.26 14:09:15.664,1.22707,1.22723,3.00,2.25
2013.04.26 14:09:17.066,1.22707,1.22722,2.25,3.15
2013.04.26 14:09:17.375,1.22709,1.22725,2.25,2.82
2013.04.26 14:09:17.436,1.22708,1.22724,1.50,1.50
2013.04.26 14:09:17.495,1.22707,1.2272,2.25,3.75
2013.04.26 14:09:17.858,1.22707,1.22721,2.25,1.50
2013.04.26 14:09:18.045,1.22707,1.2272,2.25,1.50
2013.04.26 14:09:18.586,1.22706,1.22721,2.40,2.25
2013.04.26 14:09:19.516,1.22706,1.22721,2.40,3.75
2013.04.26 14:09:20.414,1.22706,1.2272,1.50,2.25
2013.04.26 14:09:20.954,1.22706,1.2272,1.50,2.25
2013.04.26 14:09:21.374,1.22706,1.2272,1.50,2.44
2013.04.26 14:09:21.885,1.22705,1.22718,2.25,1.69
2013.04.26 14:09:22.365,1.22703,1.22718,2.63,2.44
2013.04.26 14:09:22.906,1.22701,1.22718,3.00,3.79
2013.04.26 14:09:22.978,1.22701,1.22718,3.00,3.79
2013.04.26 14:09:23.555,1.22699,1.22716,1.88,3.75
2013.04.26 14:09:23.856,1.22702,1.22716,3.75,3.38
2013.04.26 14:09:23.928,1.22701,1.22716,1.88,1.13
2013.04.26 14:09:24.055,1.22703,1.22716,2.25,1.13
2013.04.26 14:09:24.236,1.22702,1.22716,1.88,1.88
2013.04.26 14:09:24.298,1.22703,1.22716,2.25,1.13
2013.04.26 14:09:25.186,1.22701,1.22716,4.50,1.13
2013.04.26 14:09:25.734,1.22701,1.22718,1.50,6.79
2013.04.26 14:09:26.278,1.22702,1.22716,2.25,1.65
2013.04.26 14:09:26.405,1.227,1.22716,2.40,1.65
2013.04.26 14:09:26.464,1.227,1.22715,2.40,2.25
2013.04.26 14:09:27.005,1.227,1.22716,2.40,2.03
2013.04.26 14:09:29.545,1.22701,1.22716,1.50,1.65
2013.04.26 14:09:31.238,1.22701,1.22716,3.75,2.25
2013.04.26 14:09:38.405,1.227,1.22714,1.50,2.25
2013.04.26 14:09:39.376,1.22701,1.22716,1.50,1.88
2013.04.26 14:09:39.915,1.22699,1.22716,2.03,4.13
2013.04.26 14:09:40.574,1.22701,1.22716,3.00,4.13
2013.04.26 14:09:41.525,1.22699,1.22716,2.78,4.13
2013.04.26 14:09:42.346,1.22701,1.22716,3.38,1.88
2013.04.26 14:09:44.714,1.227,1.22715,1.88,2.25
2013.04.26 14:09:45.075,1.22701,1.22715,4.50,2.25
2013.04.26 14:09:45.441,1.22701,1.22716,5.25,1.13
2013.04.26 14:09:46.007,1.22704,1.22716,2.25,1.13
2013.04.26 14:09:46.814,1.22704,1.22716,1.50,1.13
2013.04.26 14:09:47.286,1.22702,1.22716,1.88,1.50
2013.04.26 14:09:47.799,1.22702,1.22716,3.00,1.50
2013.04.26 14:09:51.709,1.22702,1.22716,1.50,1.50
2013.04.26 14:09:53.734,1.22705,1.22717,3.75,3.38
2013.04.26 14:09:54.346,1.22703,1.22718,1.50,3.00
2013.04.26 14:09:54.830,1.22704,1.22718,2.25,2.40
2013.04.26 14:09:55.387,1.22702,1.22718,2.25,2.59
2013.04.26 14:09:55.515,1.227,1.22717,3.90,1.50
2013.04.26 14:09:57.299,1.22702,1.22717,2.25,1.50
2013.04.26 14:09:57.696,1.22705,1.22717,2.25,1.88
2013.04.26 14:09:58.205,1.22706,1.22717,2.25,1.88
2013.04.26 14:09:58.328,1.22701,1.22716,2.25,1.50
2013.04.26 14:09:58.395,1.22701,1.22715,1.50,2.25
2013.04.26 14:09:58.754,1.22702,1.22716,3.00,1.50
2013.04.26 14:09:59.705,1.22701,1.22717,3.38,2.78
2013.04.26 14:10:00.079,1.22704,1.22716,2.25,1.50
2013.04.26 14:10:00.876,1.22706,1.22716,2.25,1.50
2013.04.26 14:10:00.996,1.22702,1.22717,3.00,1.09
2013.04.26 14:10:01.236,1.22706,1.22719,3.75,2.44
2013.04.26 14:10:01.414,1.22706,1.22719,3.75,1.69
2013.04.26 14:10:01.595,1.22705,1.22719,3.75,1.69
2013.04.26 14:10:01.955,1.22703,1.22718,3.00,2.82
2013.04.26 14:10:02.135,1.22702,1.22716,1.13,1.50
2013.04.26 14:10:02.257,1.22705,1.22716,2.25,1.50
2013.04.26 14:10:02.435,1.22703,1.22718,3.00,3.19
2013.04.26 14:10:02.497,1.22705,1.22718,2.25,2.44
2013.04.26 14:10:02.866,1.22702,1.22716,3.75,3.00
2013.04.26 14:10:03.197,1.22704,1.22717,2.25,1.69
2013.04.26 14:10:03.268,1.22703,1.22717,1.50,1.69
2013.04.26 14:10:03.775,1.22703,1.22717,1.88,1.50
2013.04.26 14:10:03.895,1.22703,1.2272,4.28,7.32
2013.04.26 14:10:04.134,1.22704,1.2272,1.13,3.57
2013.04.26 14:10:04.616,1.22704,1.2272,1.28,1.50
2013.04.26 14:10:05.395,1.22704,1.22717,2.63,3.75
2013.04.26 14:10:06.424,1.22704,1.22719,2.63,1.50
2013.04.26 14:10:06.945,1.22705,1.2272,3.75,2.25
2013.04.26 14:10:07.306,1.22712,1.22727,2.63,3.00
2013.04.26 14:10:07.615,1.22715,1.22725,2.25,1.88
2013.04.26 14:10:07.917,1.22712,1.22727,1.65,1.50
2013.04.26 14:10:08.286,1.22715,1.22727,2.25,2.25
2013.04.26 14:10:08.345,1.22712,1.22727,3.00,2.82
2013.04.26 14:10:08.525,1.2271,1.22725,1.50,1.65
2013.04.26 14:10:08.586,1.22709,1.22725,2.63,1.88
2013.04.26 14:10:10.305,1.2271,1.22725,4.50,1.88
2013.04.26 14:10:10.865,1.22709,1.22725,2.25,1.88
2013.04.26 14:10:13.142,1.22708,1.22723,1.50,2.40
2013.04.26 14:10:13.745,1.22708,1.22723,1.50,2.40
2013.04.26 14:10:15.523,1.22709,1.22724,1.50,2.25
2013.04.26 14:10:17.780,1.22709,1.22724,2.25,2.25
2013.04.26 14:10:17.905,1.22712,1.22726,2.25,2.25
2013.04.26 14:10:17.965,1.22712,1.22727,2.25,3.19
2013.04.26 14:10:21.986,1.22718,1.22727,3.75,1.32
2013.04.26 14:10:22.344,1.22713,1.22727,2.25,1.13
2013.04.26 14:10:22.932,1.22713,1.22727,1.50,1.13
2013.04.26 14:10:23.485,1.22713,1.22727,2.03,1.13
2013.04.26 14:10:24.024,1.22714,1.22728,2.25,2.78
2013.04.26 14:10:28.595,1.22714,1.22728,2.25,2.97
2013.04.26 14:10:32.365,1.22715,1.22729,1.50,1.13
2013.04.26 14:10:32.904,1.22714,1.22727,2.25,1.50
2013.04.26 14:10:33.464,1.22714,1.22727,2.25,2.25
2013.04.26 14:10:34.705,1.22711,1.22726,4.13,2.25
2013.04.26 14:10:34.766,1.22709,1.22724,1.13,2.25
2013.04.26 14:10:35.124,1.22714,1.22724,2.25,2.25
2013.04.26 14:10:35.665,1.22711,1.22724,1.13,2.63
2013.04.26 14:10:37.141,1.22708,1.22724,2.25,3.38
2013.04.26 14:10:37.267,1.22706,1.22721,3.75,2.25
2013.04.26 14:10:38.065,1.22706,1.22722,2.25,3.00
2013.04.26 14:10:39.015,1.22705,1.2272,5.63,2.25
2013.04.26 14:10:40.636,1.22706,1.2272,3.90,2.25
2013.04.26 14:10:40.757,1.22704,1.2272,4.50,2.25
2013.04.26 14:10:40.825,1.22705,1.22722,2.40,1.50
2013.04.26 14:10:41.364,1.22706,1.22723,4.50,2.40
2013.04.26 14:10:42.514,1.22708,1.22723,2.25,2.40
2013.04.26 14:10:44.933,1.22706,1.22723,1.88,2.40
2013.04.26 14:10:45.245,1.22705,1.22722,2.78,2.25
2013.04.26 14:10:45.605,1.22704,1.22717,1.13,1.50
2013.04.26 14:10:46.116,1.22704,1.22717,1.13,1.50
2013.04.26 14:10:46.628,1.22704,1.22717,1.13,1.50
2013.04.26 14:10:47.406,1.22704,1.22718,1.13,2.25
2013.04.26 14:10:47.976,1.22702,1.22718,1.88,3.75
2013.04.26 14:10:48.915,1.22702,1.22716,1.13,2.25
2013.04.26 14:10:49.456,1.22703,1.22718,1.13,2.63
2013.04.26 14:10:49.995,1.22703,1.22719,2.25,1.50
2013.04.26 14:10:50.685,1.22704,1.2272,1.50,5.25
2013.04.26 14:10:52.377,1.22704,1.22719,1.50,1.50
2013.04.26 14:10:52.496,1.22704,1.22719,1.50,2.25
2013.04.26 14:10:52.676,1.22704,1.22718,1.50,3.00
2013.04.26 14:10:53.295,1.22704,1.2272,1.88,3.00
2013.04.26 14:10:53.836,1.22704,1.22721,3.38,6.90
2013.04.26 14:10:53.897,1.22703,1.22718,1.88,2.25
2013.04.26 14:10:54.435,1.22705,1.22718,1.65,2.25
2013.04.26 14:10:54.847,1.22705,1.22715,1.65,1.50
2013.04.26 14:10:55.337,1.22703,1.22717,1.88,1.50
2013.04.26 14:10:55.933,1.22703,1.22717,1.88,3.75
2013.04.26 14:10:56.546,1.22705,1.22717,1.65,1.50
2013.04.26 14:10:57.530,1.22703,1.22718,1.88,3.00
2013.04.26 14:11:01.596,1.22706,1.22721,2.25,2.03
2013.04.26 14:11:02.315,1.22706,1.2272,2.25,2.25
2013.04.26 14:11:02.816,1.22706,1.2272,2.25,2.25
2013.04.26 14:11:03.055,1.22705,1.2272,2.03,3.00
2013.04.26 14:11:05.205,1.22706,1.2272,2.25,1.50
2013.04.26 14:11:05.565,1.22706,1.22719,2.25,3.75
2013.04.26 14:11:05.625,1.22704,1.22719,1.88,3.75
2013.04.26 14:11:06.150,1.22704,1.22718,1.13,3.00
2013.04.26 14:11:07.172,1.22704,1.22718,1.13,1.50
2013.04.26 14:11:07.251,1.22704,1.22718,1.13,1.50
2013.04.26 14:11:07.390,1.22704,1.22721,2.25,4.65
2013.04.26 14:11:07.516,1.22708,1.22722,3.75,1.50
2013.04.26 14:11:07.826,1.22708,1.22725,4.50,4.88
2013.04.26 14:11:08.564,1.22708,1.22724,1.13,1.50
2013.04.26 14:11:08.624,1.22709,1.22724,3.75,2.25
2013.04.26 14:11:09.446,1.22708,1.22724,3.38,1.50
2013.04.26 14:11:09.995,1.22708,1.22724,1.13,3.83
2013.04.26 14:11:13.182,1.22711,1.22724,2.25,3.83
2013.04.26 14:11:13.365,1.22708,1.22724,1.13,3.83
2013.04.26 14:11:13.549,1.22711,1.22724,2.25,3.83
2013.04.26 14:11:13.679,1.22708,1.22724,1.13,3.83
2013.04.26 14:11:14.436,1.22708,1.2272,1.13,1.50
2013.04.26 14:11:14.499,1.22707,1.2272,3.75,1.50
2013.04.26 14:11:15.028,1.22706,1.2272,2.25,2.25
2013.04.26 14:11:15.156,1.22704,1.2272,4.28,2.25
2013.04.26 14:11:15.395,1.22704,1.22719,3.53,1.50
2013.04.26 14:11:15.477,1.22704,1.2272,3.53,2.25
2013.04.26 14:11:16.033,1.22704,1.22721,3.15,3.75
2013.04.26 14:11:16.905,1.22703,1.2272,3.38,2.25
2013.04.26 14:11:16.991,1.22705,1.22722,3.00,2.78
2013.04.26 14:11:17.536,1.22706,1.22721,1.13,1.88
2013.04.26 14:11:18.376,1.22706,1.22723,1.28,3.38
2013.04.26 14:11:20.675,1.22707,1.22723,2.25,2.63
2013.04.26 14:11:21.108,1.2271,1.22723,2.25,2.63
2013.04.26 14:11:21.236,1.22711,1.22725,1.50,2.63
2013.04.26 14:11:21.294,1.22713,1.22726,3.75,2.33
2013.04.26 14:11:22.384,1.22711,1.22726,3.00,1.88
2013.04.26 14:11:22.625,1.22713,1.22725,2.25,1.13
2013.04.26 14:11:22.745,1.2271,1.22725,1.13,2.63
2013.04.26 14:11:23.286,1.2271,1.22725,1.13,2.40
2013.04.26 14:11:25.186,1.22709,1.22725,1.13,2.82
2013.04.26 14:11:25.544,1.22713,1.22726,2.25,1.73
2013.04.26 14:11:25.966,1.22721,1.22727,2.25,3.83
2013.04.26 14:11:26.206,1.22721,1.2273,2.25,3.53
2013.04.26 14:11:26.266,1.22715,1.2273,2.25,3.53
2013.04.26 14:11:27.075,1.22716,1.2273,2.25,2.63
2013.04.26 14:11:27.635,1.22717,1.22727,3.75,1.50
2013.04.26 14:11:29.017,1.22715,1.22727,2.25,1.50
2013.04.26 14:11:29.145,1.22713,1.22727,1.50,1.65
2013.04.26 14:11:31.016,1.22713,1.22727,3.00,1.65
2013.04.26 14:11:31.569,1.22713,1.22726,2.25,1.88
2013.04.26 14:11:32.085,1.22713,1.22726,2.25,1.50
2013.04.26 14:11:32.445,1.22713,1.22727,2.25,1.88
2013.04.26 14:11:32.866,1.22711,1.22725,3.00,1.88
2013.04.26 14:11:33.528,1.22712,1.22725,1.50,1.50
2013.04.26 14:11:33.595,1.22712,1.22727,1.50,2.40
2013.04.26 14:11:33.895,1.22711,1.22726,1.50,1.88
2013.04.26 14:11:34.197,1.22718,1.22727,3.75,2.25
2013.04.26 14:11:34.377,1.22718,1.22728,2.25,1.88
2013.04.26 14:11:34.505,1.2272,1.22728,2.25,1.88
2013.04.26 14:11:34.807,1.22722,1.22728,3.75,1.88
2013.04.26 14:11:35.115,1.2272,1.22725,2.25,1.50
2013.04.26 14:11:35.177,1.2272,1.22727,2.25,1.50
2013.04.26 14:11:35.485,1.2272,1.22725,2.25,1.50
2013.04.26 14:11:35.545,1.22717,1.22725,2.25,1.65
2013.04.26 14:11:35.607,1.22719,1.22729,2.25,3.00
2013.04.26 14:11:35.725,1.22716,1.22728,2.25,2.63
2013.04.26 14:11:36.025,1.22716,1.2273,2.25,4.28
2013.04.26 14:11:37.074,1.22717,1.2273,2.25,4.28
2013.04.26 14:11:37.149,1.22722,1.2273,3.75,4.13
2013.04.26 14:11:37.516,1.2272,1.2273,2.25,4.13
2013.04.26 14:11:38.056,1.22719,1.2273,2.25,2.03
2013.04.26 14:11:38.576,1.22719,1.2273,2.25,3.00
2013.04.26 14:11:39.178,1.22719,1.2273,2.25,2.78
2013.04.26 14:11:39.307,1.22717,1.22731,1.50,3.00
2013.04.26 14:11:39.427,1.22718,1.2273,3.75,1.28
2013.04.26 14:11:39.498,1.22716,1.2273,3.75,1.28
2013.04.26 14:11:39.698,1.22719,1.2273,2.25,2.78
2013.04.26 14:11:42.936,1.22722,1.2273,2.25,2.63
2013.04.26 14:11:43.489,1.22722,1.22732,2.25,1.28
2013.04.26 14:11:43.555,1.22717,1.22732,3.75,1.28
2013.04.26 14:11:44.094,1.22717,1.2273,3.75,2.78
2013.04.26 14:11:44.540,1.22716,1.2273,3.75,2.63
2013.04.26 14:11:44.614,1.22714,1.2273,3.00,1.32
2013.04.26 14:11:44.866,1.22713,1.22728,1.50,2.82
2013.04.26 14:11:44.924,1.22713,1.22727,1.50,1.13
2013.04.26 14:11:45.295,1.22712,1.22727,2.25,1.09
2013.04.26 14:11:45.354,1.22712,1.22727,2.25,1.32
2013.04.26 14:11:45.671,1.22709,1.22723,1.13,2.25
2013.04.26 14:11:46.749,1.22711,1.22724,2.25,1.13
2013.04.26 14:11:46.841,1.2271,1.22724,1.50,1.13
2013.04.26 14:11:47.064,1.22713,1.22726,3.75,1.88
2013.04.26 14:11:48.005,1.22713,1.22726,3.75,1.88
2013.04.26 14:11:48.306,1.22708,1.22718,1.50,2.25
2013.04.26 14:11:48.366,1.22707,1.22719,1.13,3.00
2013.04.26 14:11:48.547,1.22707,1.22719,1.13,1.50
2013.04.26 14:11:48.668,1.22707,1.22719,1.88,1.50
2013.04.26 14:11:48.979,1.22714,1.22724,3.75,3.15
2013.04.26 14:11:49.285,1.22714,1.22722,3.75,2.25
2013.04.26 14:11:49.346,1.22714,1.22724,3.75,3.15
2013.04.26 14:11:49.484,1.22714,1.22722,3.75,2.25
2013.04.26 14:11:49.554,1.22714,1.22724,3.75,3.90
2013.04.26 14:11:49.796,1.22714,1.2272,3.75,2.25
2013.04.26 14:11:49.858,1.22706,1.2272,1.28,3.00
2013.04.26 14:11:50.365,1.22705,1.22721,3.00,2.25
2013.04.26 14:11:51.446,1.22705,1.2272,1.13,3.00
2013.04.26 14:11:51.624,1.22705,1.22722,2.63,3.00
2013.04.26 14:11:52.106,1.22704,1.22721,2.25,3.00
2013.04.26 14:11:53.306,1.22704,1.2272,1.88,1.88
2013.04.26 14:11:53.845,1.22703,1.22718,1.13,1.50
2013.04.26 14:11:54.146,1.22705,1.22718,2.25,1.50
2013.04.26 14:11:54.686,1.22706,1.22719,1.13,2.25
2013.04.26 14:11:54.865,1.22706,1.2272,1.50,1.50
2013.04.26 14:11:55.106,1.22708,1.22723,3.75,3.00
2013.04.26 14:11:55.871,1.22708,1.2272,3.75,2.25
2013.04.26 14:11:57.066,1.22706,1.2272,2.78,2.25
2013.04.26 14:11:57.606,1.22705,1.2272,1.50,2.25
2013.04.26 14:11:58.506,1.22705,1.22718,1.13,2.25
2013.04.26 14:11:58.812,1.22703,1.22716,1.88,2.25
2013.04.26 14:11:59.116,1.227,1.22715,3.00,1.50
2013.04.26 14:11:59.175,1.227,1.22714,2.25,2.25
2013.04.26 14:11:59.596,1.22701,1.22715,2.25,2.25
2013.04.26 14:11:59.657,1.22701,1.22717,2.25,2.25
2013.04.26 14:12:00.197,1.22701,1.22717,2.03,2.25
2013.04.26 14:12:01.435,1.22702,1.22717,3.00,2.25
2013.04.26 14:12:01.556,1.22703,1.22719,1.50,3.15
2013.04.26 14:12:01.736,1.2271,1.22717,4.50,2.25
2013.04.26 14:12:01.798,1.2271,1.22724,3.00,2.07
2013.04.26 14:12:01.866,1.22708,1.22723,3.00,1.32
2013.04.26 14:12:02.165,1.22706,1.22722,3.75,2.63
2013.04.26 14:12:02.457,1.22708,1.22722,2.25,2.25
2013.04.26 14:12:02.765,1.22708,1.2272,2.25,2.25
2013.04.26 14:12:03.702,1.22706,1.22723,1.28,2.25
2013.04.26 14:12:03.771,1.22706,1.22719,1.28,3.75
2013.04.26 14:12:04.075,1.22706,1.22719,1.50,4.50
2013.04.26 14:12:04.256,1.22708,1.22722,4.50,3.42
2013.04.26 14:12:04.892,1.22708,1.22722,1.13,2.85
2013.04.26 14:12:04.984,1.22725,1.2274,2.63,2.44
2013.04.26 14:12:05.176,1.22725,1.22738,3.90,2.25
2013.04.26 14:12:05.295,1.22726,1.22741,4.65,1.50
2013.04.26 14:12:05.835,1.22726,1.22741,2.40,3.75
2013.04.26 14:12:05.895,1.22726,1.22739,2.25,4.13
2013.04.26 14:12:06.196,1.22726,1.22736,1.50,1.50
2013.04.26 14:12:06.315,1.22722,1.22736,2.63,1.50
2013.04.26 14:12:06.376,1.22726,1.22734,1.50,2.25
2013.04.26 14:12:06.496,1.22723,1.22734,1.50,2.25
2013.04.26 14:12:06.555,1.22723,1.22736,1.50,4.50
2013.04.26 14:12:07.109,1.22722,1.22735,1.13,2.44
2013.04.26 14:12:07.175,1.2272,1.22733,2.25,2.25
2013.04.26 14:12:07.546,1.22718,1.22732,1.13,1.50
2013.04.26 14:12:08.084,1.22717,1.22731,3.53,1.13
2013.04.26 14:12:09.002,1.22718,1.22732,1.50,1.50
2013.04.26 14:12:09.306,1.22717,1.22727,2.25,2.10
2013.04.26 14:12:09.429,1.2271,1.22726,3.00,2.82
2013.04.26 14:12:09.555,1.22714,1.22726,3.75,5.44
2013.04.26 14:12:09.616,1.2271,1.22726,2.25,5.07
2013.04.26 14:12:09.676,1.22708,1.22726,3.75,5.44
2013.04.26 14:12:09.925,1.22709,1.22726,1.13,4.13
2013.04.26 14:12:10.226,1.22712,1.22728,1.65,3.90
2013.04.26 14:12:10.285,1.22712,1.22728,1.88,3.00
2013.04.26 14:12:10.465,1.22712,1.22728,1.88,2.25
2013.04.26 14:12:10.526,1.22717,1.22728,2.25,2.25
2013.04.26 14:12:10.707,1.22718,1.22731,2.25,2.25
2013.04.26 14:12:10.896,1.22718,1.22734,2.25,2.63
2013.04.26 14:12:11.277,1.22717,1.22734,1.65,2.63
2013.04.26 14:12:11.696,1.22715,1.22732,2.25,2.25
2013.04.26 14:12:12.056,1.22718,1.22731,3.75,2.25
2013.04.26 14:12:12.753,1.22719,1.22731,2.25,2.25
2013.04.26 14:12:12.827,1.22721,1.22734,2.25,2.63
2013.04.26 14:12:13.376,1.22719,1.22735,2.63,2.25
2013.04.26 14:12:13.616,1.22719,1.22733,1.13,2.25
2013.04.26 14:12:14.936,1.2272,1.22735,1.28,2.25
2013.04.26 14:12:15.416,1.22721,1.22735,1.50,2.25
2013.04.26 14:12:15.476,1.22721,1.22737,2.25,1.13
2013.04.26 14:12:15.536,1.22726,1.22737,2.25,1.13
2013.04.26 14:12:17.696,1.22726,1.22739,2.25,3.38
2013.04.26 14:12:18.001,1.22723,1.2274,4.50,4.88
2013.04.26 14:12:18.514,1.22725,1.2274,2.25,2.63
2013.04.26 14:12:19.497,1.22725,1.22739,2.25,1.32
2013.04.26 14:12:19.795,1.22722,1.22738,1.13,1.13
2013.04.26 14:12:21.365,1.22722,1.22738,3.00,1.13
2013.04.26 14:12:21.906,1.22721,1.22738,2.25,1.88
2013.04.26 14:12:21.966,1.2272,1.22737,1.50,2.40
2013.04.26 14:12:22.515,1.2272,1.22737,2.25,2.40
2013.04.26 14:12:23.117,1.22723,1.22737,2.25,2.40
2013.04.26 14:12:25.847,1.22723,1.22739,2.25,3.38
2013.04.26 14:12:28.135,1.22721,1.22739,5.25,3.38
2013.04.26 14:12:28.496,1.22721,1.22736,2.25,2.25
2013.04.26 14:12:30.257,1.22721,1.22734,2.25,2.25
2013.04.26 14:12:30.446,1.2272,1.22736,3.00,3.75
2013.04.26 14:12:30.816,1.22723,1.22736,2.25,2.25
2013.04.26 14:12:31.126,1.22725,1.22736,3.75,2.25
2013.04.26 14:12:31.185,1.22725,1.22739,3.75,2.40
2013.04.26 14:12:31.246,1.22723,1.22739,2.25,2.40
2013.04.26 14:12:31.424,1.22721,1.22737,1.65,1.50
2013.04.26 14:12:31.607,1.22721,1.22735,1.65,2.25
2013.04.26 14:12:31.677,1.22721,1.22737,1.65,3.00
2013.04.26 14:12:32.104,1.22723,1.22739,2.25,3.15
2013.04.26 14:12:33.526,1.22724,1.22739,3.00,2.40
2013.04.26 14:12:33.705,1.22722,1.22738,1.13,2.25
2013.04.26 14:12:34.246,1.22721,1.22738,1.65,2.25
2013.04.26 14:12:34.553,1.22723,1.22739,2.25,4.28
2013.04.26 14:12:34.747,1.2272,1.22737,4.13,1.50
2013.04.26 14:12:34.875,1.22721,1.22738,5.40,3.00
2013.04.26 14:12:35.975,1.22722,1.22735,3.75,2.25
2013.04.26 14:12:36.650,1.2272,1.22735,1.13,1.50
2013.04.26 14:12:37.508,1.22719,1.22736,2.63,2.40
2013.04.26 14:12:39.465,1.2272,1.22736,2.63,3.38
2013.04.26 14:12:39.586,1.2272,1.22735,2.63,3.75
2013.04.26 14:12:40.135,1.2272,1.22735,2.63,2.25
2013.04.26 14:12:40.676,1.2272,1.22734,2.63,2.25
2013.04.26 14:12:41.395,1.2272,1.22732,2.63,3.75
2013.04.26 14:12:41.575,1.2272,1.22735,2.63,3.75
2013.04.26 14:12:42.956,1.22719,1.22735,1.13,3.75
2013.04.26 14:12:43.255,1.22719,1.22735,1.13,1.50
2013.04.26 14:12:43.617,1.22719,1.22734,1.13,1.50
2013.04.26 14:12:43.806,1.22717,1.22733,3.53,1.09
2013.04.26 14:12:44.376,1.22717,1.22733,2.78,1.09
2013.04.26 14:12:44.696,1.22717,1.22731,1.88,1.32
2013.04.26 14:12:45.056,1.22717,1.22729,1.88,1.13
2013.04.26 14:12:45.416,1.22717,1.22723,1.88,2.25
2013.04.26 14:12:45.964,1.22717,1.22724,1.88,1.88
2013.04.26 14:12:46.506,1.22715,1.22724,1.50,1.13
2013.04.26 14:12:46.754,1.2271,1.22724,2.25,1.13
2013.04.26 14:12:47.196,1.22709,1.22723,2.25,2.70
2013.04.26 14:12:47.504,1.22706,1.22721,3.00,2.40
2013.04.26 14:12:47.745,1.22708,1.22721,3.75,2.40
2013.04.26 14:12:47.926,1.22706,1.22721,4.50,2.25
2013.04.26 14:12:48.356,1.22708,1.22721,3.75,2.40
2013.04.26 14:12:48.489,1.22706,1.22721,3.00,2.40
2013.04.26 14:12:49.454,1.22706,1.22721,1.50,2.40
2013.04.26 14:12:50.088,1.22705,1.2272,2.78,3.00
2013.04.26 14:12:50.217,1.22705,1.22718,3.00,2.25
2013.04.26 14:12:50.278,1.22705,1.2272,3.00,1.35
2013.04.26 14:12:50.407,1.22704,1.22719,3.15,2.25
2013.04.26 14:12:50.945,1.22703,1.22719,5.25,2.25
2013.04.26 14:12:53.685,1.22705,1.2272,2.25,3.38
2013.04.26 14:12:53.986,1.22705,1.22719,2.25,2.40
2013.04.26 14:12:54.045,1.22705,1.2272,2.25,4.13
2013.04.26 14:12:54.584,1.22705,1.22721,3.90,2.40
2013.04.26 14:12:55.146,1.22705,1.2272,3.75,2.63
2013.04.26 14:12:57.115,1.22705,1.2272,2.25,3.00
2013.04.26 14:12:57.736,1.22707,1.22722,2.25,1.13
2013.04.26 14:12:58.255,1.22708,1.22722,4.50,1.13
2013.04.26 14:12:58.795,1.22708,1.22722,1.50,1.13
2013.04.26 14:12:59.625,1.22707,1.22721,3.75,2.40
2013.04.26 14:12:59.986,1.22708,1.22721,3.75,2.40
2013.04.26 14:13:00.185,1.22706,1.22721,1.13,2.40
2013.04.26 14:13:00.426,1.22707,1.22721,2.25,2.40
2013.04.26 14:13:00.544,1.22706,1.22721,1.88,2.40
2013.04.26 14:13:00.786,1.22707,1.2272,3.75,1.50
2013.04.26 14:13:01.325,1.22707,1.2272,3.75,2.25
2013.04.26 14:13:03.156,1.22706,1.22723,3.00,4.13
2013.04.26 14:13:03.407,1.22705,1.2272,2.25,2.25
2013.04.26 14:13:04.506,1.22704,1.22719,3.75,1.13
2013.04.26 14:13:05.646,1.22705,1.2272,1.13,2.25
2013.04.26 14:13:05.705,1.22705,1.22722,3.38,3.08
2013.04.26 14:13:05.825,1.22711,1.22723,2.25,4.88
2013.04.26 14:13:07.805,1.22712,1.22722,2.25,1.50
2013.04.26 14:13:08.315,1.22711,1.22722,3.00,1.50
2013.04.26 14:13:09.076,1.22712,1.22722,2.25,1.50
2013.04.26 14:13:10.394,1.22714,1.22722,2.25,1.50
2013.04.26 14:13:11.565,1.22716,1.22722,2.25,1.50
2013.04.26 14:13:11.629,1.22716,1.22724,2.25,1.50
2013.04.26 14:13:11.697,1.22716,1.22727,2.25,2.25
2013.04.26 14:13:11.767,1.22716,1.2273,2.25,3.00
2013.04.26 14:13:11.887,1.22717,1.2273,1.69,3.00
2013.04.26 14:13:12.195,1.22725,1.22731,3.00,2.25
2013.04.26 14:13:12.315,1.22725,1.22733,3.75,2.25
2013.04.26 14:13:12.385,1.22725,1.22735,3.75,1.50
2013.04.26 14:13:13.111,1.22726,1.22735,2.25,2.25
2013.04.26 14:13:13.295,1.22726,1.22737,2.25,3.75
2013.04.26 14:13:13.476,1.22723,1.22736,2.25,2.40
2013.04.26 14:13:14.255,1.2272,1.22736,2.25,3.15
2013.04.26 14:13:14.315,1.22719,1.22735,3.38,2.25
2013.04.26 14:13:14.618,1.22723,1.22733,2.25,2.40
2013.04.26 14:13:14.686,1.22723,1.22735,2.25,4.65
2013.04.26 14:13:14.986,1.22721,1.22735,2.25,1.65
2013.04.26 14:13:15.229,1.22721,1.22735,1.50,1.88
2013.04.26 14:13:15.536,1.22722,1.22734,2.25,3.00
2013.04.26 14:13:15.595,1.22722,1.22735,2.25,2.40
2013.04.26 14:13:15.659,1.2272,1.22734,3.00,2.33
2013.04.26 14:13:18.115,1.22721,1.22736,4.88,4.73
2013.04.26 14:13:18.176,1.22725,1.22736,2.25,3.23
2013.04.26 14:13:18.236,1.22722,1.22736,1.50,2.85
2013.04.26 14:13:18.795,1.22721,1.22734,4.13,2.25
2013.04.26 14:13:19.620,1.22722,1.22734,3.75,2.25
2013.04.26 14:13:19.926,1.22722,1.22735,3.75,1.65
2013.04.26 14:13:20.563,1.22714,1.22729,1.28,2.25
2013.04.26 14:13:20.807,1.22713,1.22727,2.78,2.25
2013.04.26 14:13:21.116,1.22713,1.22729,2.25,2.25
2013.04.26 14:13:21.617,1.22713,1.22729,2.63,2.25
2013.04.26 14:13:22.118,1.22713,1.22729,2.25,2.25
2013.04.26 14:13:22.679,1.22713,1.22729,3.00,2.25
2013.04.26 14:13:23.046,1.22716,1.22729,2.03,2.25
2013.04.26 14:13:23.107,1.22718,1.22732,1.13,3.00
2013.04.26 14:13:23.177,1.22717,1.22732,2.44,2.25
2013.04.26 14:13:23.236,1.22717,1.22732,2.25,2.25
2013.04.26 14:13:23.717,1.22715,1.2273,1.28,2.25
2013.04.26 14:13:24.868,1.22715,1.2273,1.65,2.25
2013.04.26 14:13:25.227,1.22718,1.2273,3.75,2.25
2013.04.26 14:13:26.169,1.22717,1.2273,1.88,2.25
2013.04.26 14:13:26.425,1.2272,1.22734,2.25,2.03
2013.04.26 14:13:27.191,1.22719,1.22732,1.13,2.40
2013.04.26 14:13:27.816,1.22717,1.22732,1.88,2.40
2013.04.26 14:13:29.205,1.22718,1.22732,3.75,2.40
2013.04.26 14:13:29.326,1.22717,1.22732,1.13,2.40
2013.04.26 14:13:30.546,1.22715,1.22731,1.88,2.40
2013.04.26 14:13:30.606,1.22714,1.2273,3.75,3.38
2013.04.26 14:13:31.085,1.22714,1.22727,2.25,1.65
2013.04.26 14:13:31.396,1.22713,1.22725,3.75,1.50
2013.04.26 14:13:31.589,1.2271,1.22726,3.75,3.00
2013.04.26 14:13:31.716,1.22712,1.22727,4.13,3.38
2013.04.26 14:13:32.145,1.22712,1.22729,3.38,2.40
2013.04.26 14:13:32.646,1.22714,1.2273,1.50,3.83
2013.04.26 14:13:33.136,1.22713,1.22728,3.53,2.25
2013.04.26 14:13:33.922,1.22714,1.22726,2.25,2.25
2013.04.26 14:13:34.002,1.22714,1.22728,2.25,2.25
2013.04.26 14:13:34.516,1.22715,1.22728,2.25,2.63
2013.04.26 14:13:35.266,1.22717,1.22728,3.75,2.63
2013.04.26 14:13:35.390,1.22713,1.22728,1.50,2.25
2013.04.26 14:13:35.455,1.22714,1.2273,2.25,2.63
2013.04.26 14:13:35.936,1.22717,1.22731,3.75,4.95
2013.04.26 14:13:36.690,1.22715,1.22731,3.00,4.95
2013.04.26 14:13:36.830,1.22715,1.2273,3.00,2.70
2013.04.26 14:13:37.568,1.22713,1.22728,2.25,1.13
2013.04.26 14:13:37.637,1.22711,1.22727,2.63,3.15
2013.04.26 14:13:38.807,1.22713,1.22727,2.25,3.15
2013.04.26 14:13:39.355,1.22714,1.22727,2.25,2.40
2013.04.26 14:13:42.196,1.22712,1.22727,3.38,2.40
2013.04.26 14:13:42.734,1.22711,1.22727,2.25,3.15
2013.04.26 14:13:43.555,1.22712,1.22729,3.00,2.63
2013.04.26 14:13:43.615,1.22714,1.22729,2.25,2.63
2013.04.26 14:13:48.235,1.22716,1.22729,3.75,2.63
2013.04.26 14:13:48.295,1.22716,1.22729,3.75,2.25
2013.04.26 14:13:48.702,1.22718,1.22732,1.50,3.00
2013.04.26 14:13:49.206,1.22719,1.22734,3.38,1.88
2013.04.26 14:13:49.266,1.22719,1.22734,3.38,1.65
2013.04.26 14:13:49.507,1.22723,1.22734,3.75,1.65
2013.04.26 14:13:49.656,1.22719,1.22734,3.38,1.65
2013.04.26 14:13:49.716,1.22719,1.22734,3.38,1.88
2013.04.26 14:13:50.076,1.22718,1.2273,2.25,2.63
2013.04.26 14:13:57.445,1.22718,1.2273,2.25,2.25
2013.04.26 14:13:57.504,1.2272,1.2273,3.75,2.25
2013.04.26 14:13:58.337,1.22719,1.2273,3.75,2.25
2013.04.26 14:14:00.987,1.22721,1.22729,3.75,1.50
2013.04.26 14:14:01.106,1.22718,1.22731,3.75,2.25
2013.04.26 14:14:01.165,1.22718,1.22732,4.50,1.13
2013.04.26 14:14:02.408,1.22719,1.22733,2.63,2.25
2013.04.26 14:14:02.775,1.22721,1.22733,4.13,2.25
2013.04.26 14:14:03.076,1.22725,1.22735,2.25,3.75
2013.04.26 14:14:03.441,1.2272,1.22735,3.00,3.90
2013.04.26 14:14:03.997,1.2272,1.22733,3.00,2.33
2013.04.26 14:14:04.236,1.22724,1.22733,2.25,2.33
2013.04.26 14:14:04.777,1.22724,1.22734,2.25,2.25
2013.04.26 14:14:06.140,1.22725,1.22734,2.25,2.25
2013.04.26 14:14:06.686,1.22724,1.22734,3.75,2.25
2013.04.26 14:14:07.766,1.22722,1.22735,2.25,3.75
2013.04.26 14:14:08.585,1.2272,1.22735,3.00,5.10
2013.04.26 14:14:08.766,1.22718,1.22733,1.13,2.25
2013.04.26 14:14:08.887,1.22718,1.22728,1.13,2.33
2013.04.26 14:14:09.135,1.22716,1.2273,4.50,4.20
2013.04.26 14:14:10.258,1.22721,1.22729,2.25,2.25
2013.04.26 14:14:10.608,1.22719,1.22725,2.25,3.75
2013.04.26 14:14:10.738,1.22715,1.22725,2.25,3.75
2013.04.26 14:14:10.927,1.22712,1.22723,3.75,1.50
2013.04.26 14:14:12.446,1.22709,1.22723,2.33,2.25
2013.04.26 14:14:12.578,1.2271,1.22724,2.25,1.50
2013.04.26 14:14:12.889,1.22711,1.22722,2.25,2.25
2013.04.26 14:14:14.194,1.22711,1.22721,2.25,2.63
2013.04.26 14:14:14.281,1.22704,1.22719,1.65,1.50
2013.04.26 14:14:14.585,1.2271,1.22721,2.25,1.88
2013.04.26 14:14:14.888,1.22715,1.22721,3.75,3.00
2013.04.26 14:14:14.957,1.2271,1.2272,2.25,2.25
2013.04.26 14:14:15.034,1.2271,1.22723,3.00,2.25
2013.04.26 14:14:15.381,1.22709,1.22723,3.00,1.13
2013.04.26 14:14:15.565,1.22706,1.22721,3.38,1.50
2013.04.26 14:14:16.115,1.22705,1.22721,2.63,2.63
2013.04.26 14:14:16.756,1.22703,1.22721,5.25,2.63
2013.04.26 14:14:16.815,1.22703,1.2272,4.88,1.13
2013.04.26 14:14:17.367,1.22702,1.22718,3.00,1.13
2013.04.26 14:14:18.418,1.22702,1.22719,3.15,3.38
2013.04.26 14:14:18.726,1.22703,1.22719,1.13,3.00
2013.04.26 14:14:18.905,1.22704,1.22721,1.13,2.40
2013.04.26 14:14:19.455,1.22704,1.22719,1.50,1.50
2013.04.26 14:14:19.998,1.22704,1.22721,1.50,3.00
2013.04.26 14:14:22.689,1.22706,1.22721,2.25,3.00
2013.04.26 14:14:23.926,1.22704,1.22721,2.25,3.00
2013.04.26 14:14:24.105,1.22706,1.22721,2.25,2.40
2013.04.26 14:14:24.345,1.22709,1.22724,2.25,1.47
2013.04.26 14:14:24.406,1.22708,1.22724,1.50,2.03
2013.04.26 14:14:24.526,1.22711,1.22723,2.25,3.83
2013.04.26 14:14:24.885,1.22714,1.22722,1.50,2.25
2013.04.26 14:14:25.007,1.22712,1.22723,3.75,2.25
2013.04.26 14:14:25.425,1.2271,1.22723,2.25,3.00
2013.04.26 14:14:25.485,1.2271,1.22721,2.25,2.25
2013.04.26 14:14:25.726,1.22706,1.22719,1.50,1.13
2013.04.26 14:14:26.812,1.2271,1.22722,2.25,4.73
2013.04.26 14:14:27.157,1.22709,1.22722,1.50,4.73
2013.04.26 14:14:28.029,1.22709,1.22722,1.50,4.73
2013.04.26 14:14:28.128,1.22712,1.22723,2.25,3.00
2013.04.26 14:14:28.765,1.22712,1.22724,2.40,3.00
2013.04.26 14:14:29.125,1.22713,1.22727,1.13,2.63
2013.04.26 14:14:29.676,1.22714,1.22727,2.25,2.25
2013.04.26 14:14:29.805,1.22714,1.22729,2.25,3.38
2013.04.26 14:14:30.585,1.22714,1.2273,2.40,3.00
2013.04.26 14:14:30.647,1.22717,1.2273,3.75,3.00
2013.04.26 14:14:30.953,1.2272,1.22732,2.25,1.13
2013.04.26 14:14:31.075,1.22717,1.22734,3.38,1.88
2013.04.26 14:14:31.586,1.22717,1.22732,1.88,2.40
2013.04.26 14:14:32.015,1.22718,1.22732,2.25,2.40
2013.04.26 14:14:33.708,1.22719,1.22732,3.75,2.63
2013.04.26 14:14:34.017,1.22722,1.22732,2.25,2.63
2013.04.26 14:14:34.195,1.2272,1.22732,3.75,2.63
2013.04.26 14:14:35.115,1.22723,1.22732,2.25,2.63
2013.04.26 14:14:37.277,1.22719,1.22732,3.75,2.63
2013.04.26 14:14:37.348,1.22718,1.22732,1.13,2.63
2013.04.26 14:14:37.788,1.22719,1.22732,3.75,2.63
2013.04.26 14:14:38.557,1.22718,1.22732,2.63,2.63
2013.04.26 14:14:38.987,1.22718,1.22731,2.63,1.50
2013.04.26 14:14:39.316,1.22718,1.22724,2.25,2.25
2013.04.26 14:14:41.204,1.22718,1.22723,1.50,2.25
2013.04.26 14:14:42.430,1.22714,1.22723,2.25,2.25
2013.04.26 14:14:42.500,1.2271,1.22721,4.50,2.25
2013.04.26 14:14:42.640,1.22708,1.22721,2.63,2.25
2013.04.26 14:14:42.709,1.22708,1.22718,2.63,2.25
2013.04.26 14:14:46.476,1.22708,1.22714,2.25,2.25
2013.04.26 14:14:48.317,1.22709,1.22714,2.25,1.50
2013.04.26 14:14:48.566,1.22706,1.22714,3.75,2.25
2013.04.26 14:14:48.808,1.22704,1.22714,2.25,2.25
2013.04.26 14:14:48.877,1.22704,1.22711,2.25,2.25
2013.04.26 14:14:49.186,1.22707,1.22713,3.75,3.00
2013.04.26 14:14:49.308,1.22705,1.22713,2.25,3.00
2013.04.26 14:14:49.855,1.22706,1.22713,3.75,3.00
2013.04.26 14:14:51.066,1.22707,1.22713,3.75,3.00
2013.04.26 14:14:51.246,1.22703,1.22712,4.13,1.50
2013.04.26 14:14:51.425,1.22695,1.22709,2.63,4.88
2013.04.26 14:14:51.606,1.22695,1.22707,1.13,2.25
2013.04.26 14:14:51.845,1.22689,1.22701,1.13,2.25
2013.04.26 14:14:52.206,1.22689,1.227,2.25,3.00
2013.04.26 14:14:52.266,1.22687,1.227,2.78,3.00
2013.04.26 14:14:52.641,1.22693,1.22699,1.13,3.00
2013.04.26 14:14:52.920,1.22692,1.22704,1.13,3.00
2013.04.26 14:14:52.988,1.22689,1.22704,2.40,3.00
2013.04.26 14:14:53.058,1.22689,1.227,1.88,2.25
2013.04.26 14:14:53.187,1.22684,1.227,3.38,3.00
2013.04.26 14:14:53.257,1.22684,1.227,1.88,3.00
2013.04.26 14:14:54.417,1.22684,1.22699,1.20,1.50
2013.04.26 14:14:54.746,1.22689,1.22699,1.50,2.25
2013.04.26 14:14:54.925,1.22686,1.22699,1.65,2.25
2013.04.26 14:14:55.766,1.22686,1.22698,1.65,2.25
2013.04.26 14:14:56.126,1.2269,1.22698,1.13,3.00
2013.04.26 14:14:56.427,1.22686,1.22695,1.88,2.25
2013.04.26 14:14:57.307,1.2269,1.22695,1.50,2.25
2013.04.26 14:14:57.427,1.22686,1.22695,1.88,2.25
2013.04.26 14:15:01.459,1.22686,1.22695,2.25,2.25
2013.04.26 14:15:02.556,1.22687,1.22695,2.25,2.25
2013.04.26 14:15:02.735,1.22687,1.22698,2.25,3.00
2013.04.26 14:15:03.713,1.22685,1.22698,2.63,3.00
2013.04.26 14:15:03.795,1.22684,1.22698,1.65,3.00
2013.04.26 14:15:04.657,1.22684,1.22698,1.65,3.00
2013.04.26 14:15:05.155,1.22684,1.22701,2.03,2.25
2013.04.26 14:15:05.395,1.22686,1.22703,1.13,2.63
2013.04.26 14:15:05.935,1.22685,1.22703,1.88,2.63
2013.04.26 14:15:06.234,1.22687,1.22704,2.25,2.25
2013.04.26 14:15:07.035,1.22687,1.22703,2.25,3.00
2013.04.26 14:15:07.154,1.22685,1.22702,2.78,3.00
2013.04.26 14:15:07.497,1.22685,1.22702,5.78,3.00
2013.04.26 14:15:10.065,1.22687,1.22702,2.25,3.00
2013.04.26 14:15:10.306,1.22689,1.22705,2.25,2.25
2013.04.26 14:15:10.485,1.22689,1.22703,2.25,3.00
2013.04.26 14:15:10.545,1.22688,1.22703,1.13,3.00
2013.04.26 14:15:10.666,1.2269,1.22703,2.25,3.00
2013.04.26 14:15:11.944,1.22693,1.22703,2.25,3.00
2013.04.26 14:15:12.305,1.22691,1.22704,1.50,2.25
2013.04.26 14:15:12.604,1.22687,1.22704,1.28,2.63
2013.04.26 14:15:12.664,1.22687,1.22701,1.28,2.25
2013.04.26 14:15:13.215,1.22686,1.22701,1.88,2.25
2013.04.26 14:15:14.125,1.22686,1.22701,1.13,2.25
2013.04.26 14:15:15.829,1.22686,1.22701,1.13,3.75
2013.04.26 14:15:16.376,1.22685,1.227,1.88,3.00
2013.04.26 14:15:18.705,1.22686,1.22702,1.13,2.25
2013.04.26 14:15:24.359,1.22687,1.22702,3.90,2.25
2013.04.26 14:15:24.666,1.22691,1.22702,2.25,2.25
2013.04.26 14:15:25.337,1.22694,1.22702,1.13,2.25
2013.04.26 14:15:25.458,1.22694,1.22704,1.13,3.00
2013.04.26 14:15:25.600,1.22694,1.22706,1.13,1.50
2013.04.26 14:15:26.999,1.22693,1.22706,1.13,2.25
2013.04.26 14:15:31.897,1.2269,1.22706,2.78,2.25
2013.04.26 14:15:32.085,1.2269,1.22705,3.15,2.25
2013.04.26 14:15:34.255,1.22688,1.22704,1.50,3.15
2013.04.26 14:15:34.316,1.22688,1.22703,3.75,2.25
2013.04.26 14:15:34.439,1.22687,1.22702,1.50,2.25
2013.04.26 14:15:34.506,1.22687,1.22703,2.25,1.50
2013.04.26 14:15:34.805,1.22687,1.22701,2.25,2.25
2013.04.26 14:15:35.105,1.22685,1.22701,2.25,2.63
2013.04.26 14:15:35.166,1.22685,1.227,2.25,1.28
2013.04.26 14:15:35.226,1.22685,1.22698,1.50,1.13
2013.04.26 14:15:35.286,1.22683,1.22698,1.50,1.13
2013.04.26 14:15:36.246,1.22683,1.22699,1.50,2.25
2013.04.26 14:15:36.665,1.22686,1.22699,2.25,2.25
2013.04.26 14:15:36.985,1.22688,1.22699,2.25,2.25
2013.04.26 14:15:37.105,1.22686,1.22699,2.25,2.25
2013.04.26 14:15:37.925,1.22684,1.22697,1.50,1.50
2013.04.26 14:15:38.285,1.22685,1.22698,3.00,2.25
2013.04.26 14:15:39.016,1.22684,1.22698,1.50,2.25
2013.04.26 14:15:39.135,1.22684,1.22701,1.50,3.00
2013.04.26 14:15:39.257,1.22686,1.22701,2.25,2.25
2013.04.26 14:15:39.795,1.22684,1.227,1.88,1.13
2013.04.26 14:15:40.466,1.22683,1.22697,1.50,2.25
2013.04.26 14:15:41.105,1.22681,1.22697,1.13,2.25
2013.04.26 14:15:41.346,1.22681,1.22695,4.50,2.25
2013.04.26 14:15:41.694,1.22685,1.22698,3.75,2.63
2013.04.26 14:15:42.737,1.22683,1.22698,1.88,2.63
2013.04.26 14:15:42.860,1.22684,1.22698,4.50,2.63
2013.04.26 14:15:42.926,1.22682,1.22698,2.25,2.63
2013.04.26 14:15:43.419,1.22681,1.22698,4.28,2.25
2013.04.26 14:15:43.917,1.22681,1.22695,1.28,2.25
2013.04.26 14:15:44.455,1.22681,1.22696,1.88,2.25
2013.04.26 14:15:45.006,1.22681,1.22696,1.50,2.25
2013.04.26 14:15:45.785,1.22681,1.22696,1.88,2.25
2013.04.26 14:15:48.084,1.22682,1.22696,1.13,2.25
2013.04.26 14:15:52.196,1.22684,1.22696,2.25,2.25
2013.04.26 14:15:52.438,1.22687,1.227,2.25,2.25
2013.04.26 14:15:52.746,1.22688,1.227,3.75,2.25
2013.04.26 14:15:52.867,1.22688,1.22702,4.50,1.32
2013.04.26 14:15:53.524,1.22688,1.22704,6.19,3.00
2013.04.26 14:15:54.745,1.22688,1.22704,2.25,2.82
2013.04.26 14:15:55.284,1.22687,1.22701,3.75,1.50
2013.04.26 14:15:56.025,1.22687,1.22701,1.88,1.50
2013.04.26 14:15:57.186,1.22687,1.22701,3.00,1.50
2013.04.26 14:16:01.325,1.22687,1.22701,1.13,1.50
2013.04.26 14:16:02.486,1.22686,1.22701,2.63,1.13
2013.04.26 14:16:02.605,1.22686,1.22701,2.25,1.88
2013.04.26 14:16:02.665,1.22683,1.227,2.25,2.63
2013.04.26 14:16:03.152,1.22685,1.227,3.75,2.63
2013.04.26 14:16:03.431,1.22686,1.22701,3.00,3.98
2013.04.26 14:16:03.499,1.22686,1.22698,3.15,1.50
2013.04.26 14:16:03.805,1.22682,1.22695,2.25,3.38
2013.04.26 14:16:04.045,1.22678,1.22695,3.75,3.38
2013.04.26 14:16:05.359,1.22676,1.22692,3.90,3.75
2013.04.26 14:16:05.786,1.22678,1.22692,1.50,1.50
2013.04.26 14:16:06.097,1.2268,1.22696,3.15,1.13
2013.04.26 14:16:06.645,1.22681,1.22697,2.63,1.50
2013.04.26 14:16:07.993,1.2268,1.22697,1.65,2.63
2013.04.26 14:16:08.247,1.2268,1.22693,1.50,1.50
2013.04.26 14:16:08.605,1.22679,1.22692,2.25,2.63
2013.04.26 14:16:10.285,1.2268,1.22692,2.25,2.63
2013.04.26 14:16:11.516,1.22682,1.22692,1.13,2.63
2013.04.26 14:16:12.036,1.22683,1.22693,1.13,1.50
2013.04.26 14:16:12.157,1.22682,1.22697,1.50,2.25
2013.04.26 14:16:12.705,1.22685,1.22699,2.25,2.40
2013.04.26 14:16:12.886,1.22685,1.22701,2.40,2.40
2013.04.26 14:16:13.066,1.22686,1.22703,2.63,3.15
2013.04.26 14:16:13.305,1.22689,1.22704,2.25,1.88
2013.04.26 14:16:13.787,1.22693,1.22708,2.25,1.50
2013.04.26 14:16:14.097,1.227,1.22708,2.25,3.08
2013.04.26 14:16:14.156,1.227,1.22714,2.25,3.60
2013.04.26 14:16:14.277,1.22703,1.22716,2.25,2.40
2013.04.26 14:16:14.397,1.22703,1.22717,2.25,1.05
2013.04.26 14:16:14.581,1.22707,1.22719,2.25,3.15
2013.04.26 14:16:14.705,1.22705,1.22719,2.25,3.15
2013.04.26 14:16:15.444,1.22707,1.22719,2.25,3.00
2013.04.26 14:16:15.516,1.22705,1.22719,2.25,3.00
2013.04.26 14:16:16.228,1.22707,1.22719,2.25,3.00
2013.04.26 14:16:16.536,1.22708,1.22719,1.50,2.25
2013.04.26 14:16:16.717,1.2271,1.22722,1.65,2.25
2013.04.26 14:16:16.896,1.22709,1.22725,3.38,1.50
2013.04.26 14:16:17.077,1.22708,1.22723,1.13,2.25
2013.04.26 14:16:17.149,1.22707,1.22722,2.25,1.13
2013.04.26 14:16:21.176,1.22708,1.22722,1.50,1.65
2013.04.26 14:16:21.535,1.22709,1.22726,1.13,4.88
2013.04.26 14:16:21.955,1.22707,1.22723,2.40,2.25
2013.04.26 14:16:23.496,1.22708,1.22725,2.40,3.15
2013.04.26 14:16:23.917,1.2271,1.22728,3.75,2.25
2013.04.26 14:16:24.106,1.22712,1.22729,3.00,4.95
2013.04.26 14:16:24.889,1.22712,1.22729,2.63,3.38
2013.04.26 14:16:25.197,1.22712,1.22725,2.63,1.88
2013.04.26 14:16:25.736,1.2271,1.22725,1.50,2.63
2013.04.26 14:16:25.795,1.22708,1.22725,4.13,2.63
2013.04.26 14:16:26.277,1.22707,1.22723,1.13,1.50
2013.04.26 14:16:26.527,1.22705,1.22722,2.25,3.15
2013.04.26 14:16:27.077,1.22706,1.22721,1.13,1.50
2013.04.26 14:16:27.138,1.22712,1.22721,2.25,1.50
2013.04.26 14:16:27.210,1.22712,1.22723,3.00,4.58
2013.04.26 14:16:27.397,1.22712,1.22727,3.00,3.00
2013.04.26 14:16:27.516,1.22715,1.22728,2.25,2.10
2013.04.26 14:16:27.829,1.22715,1.2273,2.25,1.65
2013.04.26 14:16:28.645,1.22715,1.2273,2.63,1.65
2013.04.26 14:16:28.766,1.22715,1.2273,2.63,1.65
2013.04.26 14:16:29.089,1.22715,1.22731,2.63,2.63
2013.04.26 14:16:29.657,1.22715,1.22729,2.63,2.25
2013.04.26 14:16:30.491,1.22717,1.2273,1.13,2.25
2013.04.26 14:16:30.616,1.22717,1.22731,1.13,1.65
2013.04.26 14:16:30.676,1.22718,1.22733,2.25,1.88
2013.04.26 14:16:30.918,1.22716,1.22732,3.00,3.90
2013.04.26 14:16:30.987,1.22715,1.2273,1.88,2.25
2013.04.26 14:16:31.566,1.22715,1.2273,1.13,2.25
2013.04.26 14:16:31.925,1.22713,1.22729,1.13,2.25
2013.04.26 14:16:32.467,1.22713,1.22729,1.13,2.25
2013.04.26 14:16:32.996,1.22714,1.2273,2.25,2.25
2013.04.26 14:16:33.728,1.22715,1.2273,1.35,2.25
2013.04.26 14:16:33.798,1.22719,1.2273,2.25,2.25
2013.04.26 14:16:33.868,1.22719,1.22732,2.25,2.40
2013.04.26 14:16:33.958,1.22725,1.22734,2.25,1.13
2013.04.26 14:16:34.032,1.22724,1.22736,2.25,1.13
2013.04.26 14:16:34.156,1.22724,1.22737,2.25,2.25
2013.04.26 14:16:34.277,1.22729,1.22737,3.75,1.50
2013.04.26 14:16:34.467,1.22729,1.22736,3.00,1.50
2013.04.26 14:16:34.597,1.22725,1.22736,2.25,2.63
2013.04.26 14:16:34.727,1.2272,1.22736,2.10,2.63
2013.04.26 14:16:34.857,1.22724,1.22736,3.00,3.00
2013.04.26 14:16:35.246,1.22724,1.22734,3.00,1.50
2013.04.26 14:16:35.786,1.22724,1.22733,2.25,1.50
2013.04.26 14:16:36.650,1.22724,1.22734,2.25,1.35
2013.04.26 14:16:37.087,1.22724,1.22732,2.25,1.50
2013.04.26 14:16:37.873,1.2272,1.22731,2.25,3.00
2013.04.26 14:16:38.901,1.22717,1.22731,1.50,4.13
2013.04.26 14:16:39.536,1.22718,1.22731,2.25,3.75
2013.04.26 14:16:39.838,1.22718,1.2273,2.25,2.25
2013.04.26 14:16:39.907,1.22716,1.2273,2.25,2.25
2013.04.26 14:16:40.427,1.22715,1.2273,3.00,2.25
2013.04.26 14:16:40.496,1.22717,1.2273,2.25,2.25
2013.04.26 14:16:41.186,1.22715,1.2273,4.50,2.63
2013.04.26 14:16:41.736,1.22714,1.2273,3.00,2.63
2013.04.26 14:16:42.179,1.22719,1.22727,3.75,2.25
2013.04.26 14:16:42.306,1.22719,1.22728,3.75,1.50
2013.04.26 14:16:42.918,1.22719,1.22732,3.75,1.50
2013.04.26 14:16:43.106,1.22724,1.22732,2.25,3.00
2013.04.26 14:16:43.732,1.22728,1.22737,3.75,3.00
2013.04.26 14:16:44.036,1.22729,1.22733,1.50,1.50
2013.04.26 14:16:44.277,1.2273,1.22734,1.50,1.95
2013.04.26 14:16:44.942,1.2273,1.22741,2.25,1.50
2013.04.26 14:16:45.077,1.22725,1.22739,1.13,1.50
2013.04.26 14:16:45.385,1.22725,1.22737,1.50,4.50
2013.04.26 14:16:46.607,1.22725,1.22737,2.25,3.00
2013.04.26 14:16:47.777,1.22728,1.22737,2.25,4.58
2013.04.26 14:16:47.896,1.22724,1.22735,2.25,1.50
2013.04.26 14:16:48.390,1.22724,1.22733,2.25,2.25
2013.04.26 14:16:48.577,1.22719,1.22733,3.00,2.33
2013.04.26 14:16:48.878,1.22722,1.22734,2.25,2.33
2013.04.26 14:16:49.076,1.22719,1.22734,3.00,2.33
2013.04.26 14:16:49.135,1.22724,1.22734,1.13,2.33
2013.04.26 14:16:49.256,1.22726,1.22737,2.48,3.75
2013.04.26 14:16:49.317,1.22728,1.22737,1.50,3.00
2013.04.26 14:16:49.617,1.22734,1.22744,3.75,3.75
2013.04.26 14:16:49.796,1.22734,1.22742,3.75,2.25
2013.04.26 14:16:49.856,1.22729,1.22742,2.25,2.25
2013.04.26 14:16:50.035,1.22729,1.2274,2.25,2.25
2013.04.26 14:16:50.467,1.22735,1.2274,2.25,1.50
2013.04.26 14:16:50.540,1.2273,1.22743,3.75,3.00
2013.04.26 14:16:50.670,1.22728,1.22743,5.63,3.00
2013.04.26 14:16:50.809,1.22732,1.22743,2.25,2.25
2013.04.26 14:16:51.196,1.22729,1.22743,3.75,2.25
2013.04.26 14:16:51.447,1.22732,1.22744,2.25,3.15
2013.04.26 14:16:52.150,1.2273,1.22742,4.50,2.25
2013.04.26 14:16:52.489,1.22734,1.22744,3.75,1.50
2013.04.26 14:16:52.865,1.22738,1.22746,3.00,1.50
2013.04.26 14:16:53.406,1.22739,1.22746,2.25,1.50
2013.04.26 14:16:53.767,1.22739,1.22747,2.25,5.25
2013.04.26 14:16:54.079,1.22736,1.22741,2.25,1.50
2013.04.26 14:16:54.386,1.22733,1.22737,1.50,2.25
2013.04.26 14:16:54.446,1.22723,1.22737,5.25,5.33
2013.04.26 14:16:54.747,1.22725,1.22737,1.13,3.19
2013.04.26 14:16:55.055,1.22724,1.22737,1.28,2.25
2013.04.26 14:16:55.117,1.22724,1.22737,1.65,2.25
2013.04.26 14:16:55.365,1.22722,1.22736,1.50,2.25
2013.04.26 14:16:55.787,1.22725,1.22736,1.13,2.85
2013.04.26 14:16:56.147,1.22734,1.2274,2.25,1.50
2013.04.26 14:16:56.206,1.22734,1.22745,2.25,3.75
2013.04.26 14:16:56.326,1.22734,1.22745,2.25,3.75
2013.04.26 14:16:56.626,1.22734,1.22745,2.25,3.00
2013.04.26 14:16:58.327,1.2273,1.22745,1.50,1.88
2013.04.26 14:16:58.878,1.2273,1.22742,2.25,2.25
2013.04.26 14:16:59.889,1.22728,1.22742,1.13,2.25
2013.04.26 14:17:00.086,1.22729,1.22742,1.50,2.25
2013.04.26 14:17:00.268,1.22728,1.22744,4.35,1.88
2013.04.26 14:17:00.816,1.22731,1.22745,1.50,4.50
2013.04.26 14:17:01.675,1.22732,1.22745,2.25,4.50
2013.04.26 14:17:02.057,1.2273,1.22743,1.50,3.83
2013.04.26 14:17:02.357,1.22731,1.22742,2.25,1.50
2013.04.26 14:17:02.537,1.22724,1.22738,1.88,2.25
2013.04.26 14:17:03.087,1.22722,1.22739,2.25,3.75
2013.04.26 14:17:03.606,1.22721,1.22738,5.25,1.50
2013.04.26 14:17:04.627,1.22722,1.22739,1.65,4.13
2013.04.26 14:17:05.167,1.22724,1.22739,1.50,6.08
2013.04.26 14:17:05.751,1.22725,1.22739,2.25,3.75
2013.04.26 14:17:07.409,1.22726,1.22739,1.13,3.75
2013.04.26 14:17:07.716,1.22728,1.2274,2.25,1.50
2013.04.26 14:17:09.059,1.22725,1.2274,3.00,4.58
2013.04.26 14:17:09.127,1.22728,1.2274,2.25,4.58
2013.04.26 14:17:09.437,1.22731,1.22742,2.25,1.50
2013.04.26 14:17:09.749,1.22737,1.22743,2.25,1.50
2013.04.26 14:17:09.816,1.22737,1.22749,2.25,1.13
2013.04.26 14:17:09.875,1.2274,1.2275,3.75,1.88
2013.04.26 14:17:10.208,1.22737,1.22747,2.25,2.25
2013.04.26 14:17:10.336,1.22732,1.22746,1.50,2.25
2013.04.26 14:17:10.576,1.22732,1.22742,2.25,1.50
2013.04.26 14:17:12.726,1.22731,1.22742,2.25,2.25
2013.04.26 14:17:14.285,1.22728,1.22742,2.25,2.25
2013.04.26 14:17:18.028,1.22726,1.22742,1.50,2.25
2013.04.26 14:17:18.097,1.22725,1.2274,2.63,1.50
2013.04.26 14:17:18.398,1.22725,1.22739,1.13,2.25
2013.04.26 14:17:18.585,1.22726,1.22741,2.25,2.25
2013.04.26 14:17:18.776,1.2273,1.22741,2.25,2.25
2013.04.26 14:17:19.495,1.22731,1.22741,3.75,2.25
2013.04.26 14:17:21.497,1.22732,1.22741,3.75,2.25
2013.04.26 14:17:22.625,1.22732,1.22741,2.25,2.25
2013.04.26 14:17:23.137,1.22732,1.22739,2.25,2.25
2013.04.26 14:17:23.799,1.22731,1.22739,2.25,2.25
2013.04.26 14:17:24.536,1.22729,1.22741,3.15,3.00
2013.04.26 14:17:24.895,1.22729,1.22742,2.40,3.00
2013.04.26 14:17:25.196,1.22729,1.2274,1.50,1.13
2013.04.26 14:17:25.318,1.22725,1.22739,3.00,1.13
2013.04.26 14:17:25.507,1.22722,1.22738,2.63,1.13
2013.04.26 14:17:26.420,1.22721,1.22737,2.78,2.40
2013.04.26 14:17:26.965,1.22721,1.22737,2.78,3.15
2013.04.26 14:17:27.467,1.22721,1.22737,2.63,3.00
2013.04.26 14:17:28.289,1.22721,1.22737,2.63,2.25
2013.04.26 14:17:28.419,1.22725,1.22737,2.25,2.25
2013.04.26 14:17:28.486,1.22725,1.22738,2.25,2.25
2013.04.26 14:17:28.546,1.22727,1.22738,3.75,1.50
2013.04.26 14:17:28.736,1.22724,1.22739,6.38,3.00
2013.04.26 14:17:28.856,1.22724,1.22739,2.63,1.13
2013.04.26 14:17:29.365,1.22723,1.22738,1.50,3.15
2013.04.26 14:17:30.606,1.22723,1.22738,5.25,3.15
2013.04.26 14:17:36.747,1.22723,1.22737,4.50,2.10
2013.04.26 14:17:37.047,1.2272,1.22735,2.40,2.25
2013.04.26 14:17:37.225,1.22719,1.22732,1.13,2.25
2013.04.26 14:17:38.967,1.22721,1.22732,1.13,2.25
2013.04.26 14:17:39.027,1.22723,1.22735,4.65,2.44
2013.04.26 14:17:39.156,1.22724,1.22736,3.75,1.50
2013.04.26 14:17:39.276,1.22721,1.22736,1.88,1.50
2013.04.26 14:17:39.336,1.22723,1.22736,1.13,1.50
2013.04.26 14:17:39.518,1.22724,1.2274,1.88,1.50
2013.04.26 14:17:41.665,1.22724,1.2274,1.13,1.50
2013.04.26 14:17:42.025,1.22725,1.22738,2.25,3.00
2013.04.26 14:17:42.476,1.22725,1.22737,2.25,1.50
2013.04.26 14:17:42.840,1.22724,1.22729,1.50,2.25
2013.04.26 14:17:43.398,1.22725,1.22731,5.25,1.50
2013.04.26 14:17:43.897,1.22725,1.22732,4.50,2.25
2013.04.26 14:17:44.027,1.22725,1.22737,4.50,3.00
2013.04.26 14:17:46.378,1.2273,1.22737,2.25,2.25
2013.04.26 14:17:46.447,1.2273,1.22739,2.25,1.50
2013.04.26 14:17:46.746,1.2273,1.22737,2.25,2.25
2013.04.26 14:17:50.287,1.22723,1.22736,2.25,3.00
2013.04.26 14:17:51.126,1.22722,1.22736,1.50,3.00
2013.04.26 14:17:52.900,1.2272,1.22736,1.50,3.00
2013.04.26 14:17:54.009,1.22723,1.22736,4.50,3.00
2013.04.26 14:17:54.765,1.22722,1.22736,4.50,3.00
2013.04.26 14:17:54.827,1.22721,1.22736,1.88,3.00
2013.04.26 14:17:55.187,1.22721,1.22736,1.50,3.00
2013.04.26 14:17:56.725,1.22722,1.22737,4.50,3.00
2013.04.26 14:17:58.178,1.22724,1.22737,3.00,3.00
2013.04.26 14:17:58.665,1.22722,1.22737,1.50,3.00
2013.04.26 14:17:58.785,1.22722,1.22735,1.50,2.25
2013.04.26 14:17:59.806,1.2272,1.22734,1.88,3.00
2013.04.26 14:18:00.382,1.2272,1.22735,1.50,2.25
2013.04.26 14:18:02.676,1.2272,1.22735,3.75,2.25
2013.04.26 14:18:03.035,1.2272,1.22734,3.75,4.50
2013.04.26 14:18:03.286,1.2272,1.22734,1.65,3.00
2013.04.26 14:18:03.836,1.2272,1.22734,1.50,4.50
2013.04.26 14:18:03.898,1.2272,1.22735,1.50,2.25
2013.04.26 14:18:05.696,1.2272,1.22735,2.25,2.25
2013.04.26 14:18:06.101,1.22722,1.22735,1.50,2.25
2013.04.26 14:18:06.348,1.22721,1.22736,1.13,2.25
2013.04.26 14:18:06.655,1.2272,1.22736,1.50,3.00
2013.04.26 14:18:07.175,1.2272,1.22735,1.50,2.25
2013.04.26 14:18:09.246,1.2272,1.22735,2.25,3.00
2013.04.26 14:18:10.406,1.22723,1.22735,2.25,2.25
2013.04.26 14:18:10.465,1.22721,1.22736,1.50,2.25
2013.04.26 14:18:11.007,1.22722,1.22736,3.75,2.25
2013.04.26 14:18:12.155,1.22722,1.22734,3.75,2.25
2013.04.26 14:18:12.688,1.22722,1.22734,1.50,2.25
2013.04.26 14:18:14.165,1.22722,1.22736,1.50,2.25
2013.04.26 14:18:16.176,1.22722,1.22736,1.88,2.25
2013.04.26 14:18:16.239,1.22722,1.22736,1.13,2.25
2013.04.26 14:18:16.547,1.2273,1.22736,2.25,2.25
2013.04.26 14:18:16.607,1.2273,1.22738,2.25,1.50
2013.04.26 14:18:16.726,1.2273,1.2274,2.25,2.25
2013.04.26 14:18:17.086,1.22724,1.22741,1.88,3.75
2013.04.26 14:18:17.206,1.22724,1.22739,1.13,2.25
2013.04.26 14:18:17.565,1.22723,1.22737,4.50,2.63
2013.04.26 14:18:18.749,1.22722,1.22737,4.50,2.63
2013.04.26 14:18:18.878,1.2272,1.22737,3.53,2.63
2013.04.26 14:18:19.077,1.2272,1.22736,2.78,3.00
2013.04.26 14:18:19.262,1.22717,1.22734,3.00,2.25
2013.04.26 14:18:19.330,1.2272,1.22732,2.25,1.13
2013.04.26 14:18:19.904,1.2272,1.22731,2.25,2.63
2013.04.26 14:18:20.386,1.2272,1.22733,2.25,1.65
2013.04.26 14:18:20.447,1.2272,1.22733,2.25,1.88
2013.04.26 14:18:20.697,1.2272,1.22734,2.25,6.30
2013.04.26 14:18:21.217,1.2272,1.22733,2.25,1.13
2013.04.26 14:18:21.947,1.2272,1.22733,2.25,1.65
2013.04.26 14:18:22.266,1.2272,1.22733,2.25,1.13
2013.04.26 14:18:22.446,1.2272,1.22733,2.25,1.13
2013.04.26 14:18:25.457,1.2272,1.22734,3.75,3.00
2013.04.26 14:18:26.195,1.22723,1.22734,3.75,3.38
2013.04.26 14:18:26.796,1.22723,1.22735,6.15,2.25
2013.04.26 14:18:26.916,1.22723,1.22739,6.15,3.00
2013.04.26 14:18:27.338,1.22726,1.22739,2.25,3.00
2013.04.26 14:18:29.304,1.2273,1.2274,2.25,2.25
2013.04.26 14:18:30.707,1.22733,1.2274,2.25,2.25
2013.04.26 14:18:30.889,1.22728,1.2274,1.65,2.25
2013.04.26 14:18:31.196,1.22728,1.22743,1.50,3.15
2013.04.26 14:18:31.259,1.22729,1.22742,2.25,3.15
2013.04.26 14:18:31.390,1.22725,1.22741,3.38,1.50
2013.04.26 14:18:32.296,1.22725,1.22741,1.50,1.65
2013.04.26 14:18:32.379,1.22727,1.2274,2.25,3.75
2013.04.26 14:18:32.507,1.22724,1.2274,1.88,3.90
2013.04.26 14:18:32.685,1.22726,1.2274,3.90,3.75
2013.04.26 14:18:32.808,1.22723,1.2274,2.25,3.75
2013.04.26 14:18:34.256,1.22723,1.22739,1.50,1.50
2013.04.26 14:18:34.317,1.22722,1.22737,4.50,1.13
2013.04.26 14:18:34.557,1.22719,1.22734,1.88,1.50
2013.04.26 14:18:34.617,1.2272,1.22734,1.13,1.50
2013.04.26 14:18:34.925,1.22724,1.22738,2.25,3.15
2013.04.26 14:18:35.046,1.22724,1.22738,2.25,3.15
2013.04.26 14:18:35.586,1.22726,1.2274,2.25,1.35
2013.04.26 14:18:35.946,1.22733,1.22741,3.75,1.50
2013.04.26 14:18:36.366,1.22733,1.22742,3.75,3.75
2013.04.26 14:18:36.547,1.2273,1.2274,2.25,1.50
2013.04.26 14:18:37.702,1.2273,1.22742,3.75,1.50
2013.04.26 14:18:38.496,1.2273,1.22742,3.75,3.75
2013.04.26 14:18:38.738,1.22733,1.22742,2.25,3.75
2013.04.26 14:18:39.535,1.2273,1.22742,3.75,3.00
2013.04.26 14:18:39.598,1.22729,1.22742,1.50,3.00
2013.04.26 14:18:40.097,1.22728,1.22741,4.50,2.25
2013.04.26 14:18:40.959,1.22729,1.22741,2.25,2.25
2013.04.26 14:18:42.136,1.22728,1.2274,1.50,1.13
2013.04.26 14:18:44.635,1.22728,1.2274,2.25,1.13
2013.04.26 14:18:44.757,1.22731,1.22741,3.75,1.50
2013.04.26 14:18:44.996,1.22729,1.22741,1.50,3.83
2013.04.26 14:18:45.123,1.22728,1.22741,2.25,3.08
2013.04.26 14:18:49.796,1.22727,1.22741,2.25,3.45
2013.04.26 14:18:50.516,1.22725,1.22741,2.03,3.45
2013.04.26 14:18:50.696,1.22725,1.22738,1.13,1.13
2013.04.26 14:18:50.878,1.22723,1.22737,1.50,1.65
2013.04.26 14:18:51.146,1.22723,1.22736,1.50,1.13
2013.04.26 14:18:51.266,1.2272,1.22737,1.88,3.75
2013.04.26 14:18:51.329,1.22723,1.22735,1.50,1.88
2013.04.26 14:18:51.518,1.2272,1.22735,1.88,1.88
2013.04.26 14:18:51.588,1.2272,1.22735,1.88,1.88
2013.04.26 14:18:51.829,1.22717,1.22732,3.00,2.25
2013.04.26 14:18:52.367,1.22716,1.22732,3.00,2.25
2013.04.26 14:18:52.426,1.22719,1.22732,2.25,2.25
2013.04.26 14:18:52.667,1.22719,1.22734,3.00,2.63
2013.04.26 14:18:56.336,1.22718,1.22734,2.25,2.63
2013.04.26 14:18:59.018,1.22719,1.22734,4.50,2.63
2013.04.26 14:18:59.566,1.22724,1.22734,3.75,2.40
2013.04.26 14:19:00.109,1.22723,1.22733,2.25,3.08
2013.04.26 14:19:00.416,1.22725,1.22735,2.25,1.50
2013.04.26 14:19:03.767,1.22725,1.22735,3.75,3.00
2013.04.26 14:19:04.428,1.22727,1.22735,3.75,2.25
2013.04.26 14:19:05.555,1.22727,1.22735,3.00,1.50
2013.04.26 14:19:05.736,1.22729,1.22736,3.00,1.50
2013.04.26 14:19:06.098,1.22731,1.22739,1.50,3.00
2013.04.26 14:19:06.289,1.22731,1.22743,1.50,3.00
2013.04.26 14:19:06.361,1.22733,1.22744,2.25,1.13
2013.04.26 14:19:06.429,1.22733,1.22745,2.25,3.00
2013.04.26 14:19:06.797,1.2273,1.22745,3.00,3.00
2013.04.26 14:19:07.538,1.22732,1.22745,1.50,3.00
2013.04.26 14:19:07.786,1.22732,1.22748,3.15,3.90
2013.04.26 14:19:08.086,1.22733,1.22745,1.13,2.25
2013.04.26 14:19:08.411,1.22738,1.22745,2.25,2.25
2013.04.26 14:19:09.950,1.22738,1.22748,2.25,3.53
2013.04.26 14:19:10.787,1.22737,1.22748,2.25,3.53
2013.04.26 14:19:13.106,1.22738,1.22748,2.25,3.53
2013.04.26 14:19:16.536,1.22733,1.22748,1.13,3.53
2013.04.26 14:19:16.657,1.22732,1.22748,1.13,3.75
2013.04.26 14:19:16.717,1.22732,1.22745,1.88,2.25
2013.04.26 14:19:17.377,1.22734,1.22745,3.75,2.25
2013.04.26 14:19:17.795,1.22734,1.22746,3.75,1.50
2013.04.26 14:19:18.496,1.22734,1.22748,3.75,1.13
2013.04.26 14:19:19.250,1.22734,1.22748,3.75,1.13
2013.04.26 14:19:19.377,1.22735,1.22746,3.75,2.25
2013.04.26 14:19:19.689,1.22738,1.22748,3.75,1.28
2013.04.26 14:19:20.297,1.22735,1.22747,2.25,2.25
2013.04.26 14:19:20.356,1.22732,1.22747,1.13,2.25
2013.04.26 14:19:20.416,1.22732,1.22746,1.13,2.40
2013.04.26 14:19:20.717,1.22729,1.22741,3.15,2.25
2013.04.26 14:19:22.642,1.22731,1.22741,2.25,2.25
2013.04.26 14:19:23.562,1.2273,1.22741,1.13,2.25
2013.04.26 14:19:34.148,1.22729,1.22741,1.28,2.25
2013.04.26 14:19:34.697,1.22727,1.2274,1.50,2.25
2013.04.26 14:19:35.006,1.22728,1.22742,2.40,2.25
2013.04.26 14:19:36.054,1.22735,1.22742,1.13,2.25
2013.04.26 14:19:36.123,1.22735,1.22743,1.13,1.50
2013.04.26 14:19:36.190,1.22735,1.22746,2.63,3.00
2013.04.26 14:19:36.746,1.22735,1.22747,2.63,2.25
2013.04.26 14:19:37.166,1.22732,1.22747,1.13,2.40
2013.04.26 14:19:37.407,1.22731,1.22745,1.50,3.00
2013.04.26 14:19:37.467,1.22729,1.22745,3.00,3.00
2013.04.26 14:19:37.646,1.22729,1.22741,3.00,1.50
2013.04.26 14:19:38.127,1.22728,1.2274,1.13,2.25
2013.04.26 14:19:38.690,1.22725,1.2274,1.50,3.00
2013.04.26 14:19:39.191,1.22724,1.2274,1.50,3.00
2013.04.26 14:19:40.266,1.22728,1.2274,2.25,3.00
2013.04.26 14:19:40.767,1.22728,1.22741,2.25,3.00
2013.04.26 14:19:41.136,1.22725,1.2274,1.88,1.50
2013.04.26 14:19:41.256,1.22725,1.22739,1.88,2.25
2013.04.26 14:19:42.017,1.22727,1.22739,2.40,2.25
2013.04.26 14:19:42.328,1.22729,1.22742,3.75,2.25
2013.04.26 14:19:43.474,1.22731,1.22742,2.25,2.25
2013.04.26 14:19:45.956,1.22731,1.22744,2.40,2.25
2013.04.26 14:19:46.080,1.22732,1.22747,2.25,2.25
2013.04.26 14:19:48.648,1.22738,1.22747,3.75,2.25
2013.04.26 14:19:48.837,1.22732,1.22747,1.13,2.25
2013.04.26 14:19:48.968,1.22731,1.22745,1.13,2.25
2013.04.26 14:19:50.217,1.22731,1.22745,2.63,2.25
2013.04.26 14:19:51.266,1.22731,1.22743,2.63,2.25
2013.04.26 14:19:51.981,1.22731,1.22741,2.25,2.25
2013.04.26 14:19:52.051,1.22728,1.2274,1.13,1.50
2013.04.26 14:19:52.120,1.22724,1.22739,2.63,1.65
2013.04.26 14:19:52.318,1.22724,1.22737,1.13,2.25
2013.04.26 14:19:56.993,1.22723,1.22737,1.13,2.25
2013.04.26 14:19:57.298,1.22727,1.22735,2.25,2.25
2013.04.26 14:19:57.429,1.22724,1.22741,5.63,3.00
2013.04.26 14:19:57.678,1.22724,1.22741,5.63,3.00
2013.04.26 14:19:57.860,1.22724,1.22738,1.88,2.25
2013.04.26 14:19:58.417,1.22724,1.22737,1.13,3.00
2013.04.26 14:19:58.666,1.2272,1.22737,2.25,3.00
2013.04.26 14:19:59.036,1.22719,1.22734,1.88,2.25
2013.04.26 14:19:59.348,1.22722,1.22734,1.88,2.25
2013.04.26 14:19:59.419,1.22722,1.22736,2.63,2.25
2013.04.26 14:19:59.741,1.22725,1.22736,2.25,2.25
2013.04.26 14:20:00.089,1.22728,1.22736,2.25,3.00
2013.04.26 14:20:00.636,1.22727,1.22736,3.00,2.25
2013.04.26 14:20:00.899,1.22731,1.22744,1.50,4.50
2013.04.26 14:20:01.406,1.22731,1.22743,1.50,1.50
2013.04.26 14:20:01.587,1.22729,1.22743,1.13,2.40
2013.04.26 14:20:01.767,1.22727,1.22741,1.13,3.00
2013.04.26 14:20:01.947,1.22726,1.22742,1.13,3.75
2013.04.26 14:20:02.248,1.22724,1.22741,2.25,3.75
2013.04.26 14:20:02.962,1.22724,1.22742,2.25,3.75
2013.04.26 14:20:03.265,1.22724,1.22739,2.25,2.25
2013.04.26 14:20:03.447,1.22725,1.22741,1.65,1.50
2013.04.26 14:20:03.991,1.2273,1.22742,1.13,1.50
2013.04.26 14:20:04.059,1.2273,1.22742,1.13,1.50
2013.04.26 14:20:04.547,1.22727,1.22741,1.13,1.13
2013.04.26 14:20:04.977,1.22728,1.2274,1.13,3.00
2013.04.26 14:20:05.055,1.22728,1.2274,1.13,3.00
2013.04.26 14:20:05.616,1.22728,1.22742,1.88,2.25
2013.04.26 14:20:06.156,1.2273,1.22743,1.50,2.25
2013.04.26 14:20:06.697,1.2273,1.22743,1.50,2.25
2013.04.26 14:20:08.296,1.2273,1.22744,2.63,1.50
2013.04.26 14:20:08.537,1.2273,1.22743,1.50,1.50
2013.04.26 14:20:08.956,1.22729,1.22743,1.50,1.50
2013.04.26 14:20:09.516,1.22729,1.22744,1.50,2.25
2013.04.26 14:20:10.256,1.22729,1.22744,1.50,2.25
2013.04.26 14:20:11.837,1.22729,1.22743,1.50,4.50
2013.04.26 14:20:12.375,1.22727,1.22741,1.65,2.25
2013.04.26 14:20:13.196,1.22729,1.22744,3.00,2.25
2013.04.26 14:20:13.625,1.22731,1.22746,2.25,2.25
2013.04.26 14:20:13.938,1.22731,1.22744,1.50,2.25
2013.04.26 14:20:14.309,1.2273,1.22747,2.40,3.60
2013.04.26 14:20:14.816,1.2273,1.22746,2.40,1.50
2013.04.26 14:20:15.056,1.2273,1.22746,2.40,1.50
2013.04.26 14:20:15.736,1.2273,1.22747,2.40,6.30
2013.04.26 14:20:16.637,1.22731,1.22747,1.13,7.80
2013.04.26 14:20:17.516,1.22729,1.22743,3.38,1.65
2013.04.26 14:20:17.575,1.22729,1.22743,1.50,4.65
2013.04.26 14:20:17.695,1.22728,1.2274,1.13,2.25
2013.04.26 14:20:18.236,1.22727,1.2274,1.13,2.25
2013.04.26 14:20:19.029,1.22727,1.2274,1.13,2.25
2013.04.26 14:20:19.576,1.22725,1.22739,1.13,3.00
2013.04.26 14:20:20.437,1.22725,1.22739,1.13,3.00
2013.04.26 14:20:21.508,1.22722,1.22738,1.50,3.15
2013.04.26 14:20:21.582,1.22721,1.22736,1.50,2.25
2013.04.26 14:20:24.060,1.22722,1.22736,1.13,2.25
2013.04.26 14:20:24.188,1.22726,1.22738,1.50,3.00
2013.04.26 14:20:24.378,1.22721,1.22736,2.03,3.75
2013.04.26 14:20:24.967,1.2272,1.22736,2.25,2.25
2013.04.26 14:20:25.387,1.22721,1.22735,1.50,1.88
2013.04.26 14:20:25.626,1.22725,1.22738,1.13,2.25
2013.04.26 14:20:25.868,1.22722,1.22738,3.00,2.25
2013.04.26 14:20:25.996,1.22722,1.22738,2.25,2.25
2013.04.26 14:20:26.547,1.22722,1.22737,1.50,2.25
2013.04.26 14:20:26.827,1.22722,1.22733,1.50,1.50
2013.04.26 14:20:27.128,1.22719,1.22733,2.25,1.88
2013.04.26 14:20:27.678,1.2272,1.22732,1.50,2.40
2013.04.26 14:20:28.247,1.2272,1.22733,1.50,4.88
2013.04.26 14:20:29.493,1.2272,1.22731,1.50,2.33
2013.04.26 14:20:31.635,1.2272,1.22731,1.50,2.33
2013.04.26 14:20:32.176,1.2272,1.22731,2.63,2.33
2013.04.26 14:20:32.237,1.22721,1.22734,1.65,2.25
2013.04.26 14:20:32.297,1.22721,1.22736,1.65,2.25
2013.04.26 14:20:32.840,1.22723,1.22736,1.50,2.25
2013.04.26 14:20:32.968,1.22725,1.22735,2.25,3.00
2013.04.26 14:20:33.386,1.22726,1.22739,1.50,2.25
2013.04.26 14:20:33.447,1.22726,1.22741,2.25,3.38
2013.04.26 14:20:35.355,1.22726,1.22741,1.50,3.38
2013.04.26 14:20:35.867,1.22723,1.2274,3.00,3.15
2013.04.26 14:20:36.496,1.22723,1.2274,3.00,3.15
2013.04.26 14:20:36.857,1.22723,1.22739,2.25,2.25
2013.04.26 14:20:37.396,1.22725,1.22739,3.15,1.50
2013.04.26 14:20:37.777,1.22725,1.22742,1.65,2.25
2013.04.26 14:20:37.899,1.22725,1.22742,1.65,2.25
2013.04.26 14:20:38.028,1.22725,1.2274,1.65,3.00
2013.04.26 14:20:38.340,1.22725,1.22741,1.65,1.50
2013.04.26 14:20:39.578,1.22724,1.22742,3.75,5.25
2013.04.26 14:20:40.087,1.22724,1.22741,3.00,2.40
2013.04.26 14:20:40.988,1.22723,1.22738,1.50,2.25
2013.04.26 14:20:42.279,1.22723,1.22738,4.50,2.25
2013.04.26 14:20:42.469,1.22724,1.22741,2.25,3.53
2013.04.26 14:20:42.798,1.22722,1.22738,2.63,2.25
2013.04.26 14:20:43.347,1.22722,1.22737,2.63,3.00
2013.04.26 14:20:43.886,1.22721,1.22736,1.50,3.00
2013.04.26 14:20:44.246,1.22719,1.22733,1.50,2.63
2013.04.26 14:20:44.795,1.22718,1.22732,1.50,2.40
2013.04.26 14:20:45.640,1.22717,1.22732,3.75,2.40
2013.04.26 14:20:46.230,1.22716,1.22732,2.40,2.40
2013.04.26 14:20:46.942,1.22715,1.22731,1.50,3.15
2013.04.26 14:20:48.000,1.22712,1.22729,2.63,3.00
2013.04.26 14:20:49.839,1.22712,1.22729,1.88,3.00
2013.04.26 14:20:50.120,1.22714,1.2273,1.50,2.40
2013.04.26 14:20:50.637,1.22714,1.2273,1.50,3.15
2013.04.26 14:20:52.078,1.22714,1.22729,1.50,3.00
2013.04.26 14:20:52.205,1.22714,1.2273,1.50,6.90
2013.04.26 14:20:57.055,1.22713,1.22728,1.61,2.25
2013.04.26 14:20:58.467,1.22713,1.22728,1.61,2.63
2013.04.26 14:20:59.006,1.22713,1.22728,1.61,2.63
2013.04.26 14:20:59.849,1.22713,1.22722,1.61,1.50
2013.04.26 14:21:00.429,1.22711,1.22722,2.25,1.50
2013.04.26 14:21:00.618,1.22711,1.22722,1.50,1.88
2013.04.26 14:21:03.437,1.22706,1.22722,1.88,1.50
2013.04.26 14:21:03.795,1.22718,1.22724,1.13,1.50
2013.04.26 14:21:04.215,1.22718,1.22731,1.13,2.25
2013.04.26 14:21:04.576,1.22719,1.22733,1.50,1.73
2013.04.26 14:21:04.696,1.22724,1.22736,4.50,3.60
2013.04.26 14:21:04.758,1.22725,1.22737,1.50,3.53
2013.04.26 14:21:04.936,1.22728,1.22744,2.25,1.13
2013.04.26 14:21:05.176,1.22729,1.22742,2.25,1.50
2013.04.26 14:21:05.476,1.22734,1.22746,2.25,4.65
2013.04.26 14:21:07.203,1.22736,1.22746,1.50,2.25
2013.04.26 14:21:07.273,1.22736,1.22747,1.50,2.25
2013.04.26 14:21:07.826,1.22733,1.22747,1.50,2.40
2013.04.26 14:21:07.887,1.22732,1.22747,3.00,4.13
2013.04.26 14:21:08.007,1.2273,1.22742,3.00,2.70
2013.04.26 14:21:08.187,1.22726,1.2274,1.50,1.65
2013.04.26 14:21:09.178,1.22726,1.2274,1.50,1.88
2013.04.26 14:21:10.457,1.22726,1.22742,1.50,5.70
2013.04.26 14:21:10.516,1.22726,1.22742,1.50,5.70
2013.04.26 14:21:11.117,1.22726,1.2274,1.50,1.13
2013.04.26 14:21:12.717,1.22728,1.2274,2.63,2.25
2013.04.26 14:21:13.027,1.2273,1.22745,1.65,2.25
2013.04.26 14:21:14.807,1.2273,1.22745,1.88,2.25
2013.04.26 14:21:15.396,1.2273,1.22744,1.88,2.25
2013.04.26 14:21:15.459,1.2273,1.22742,1.88,1.50
2013.04.26 14:21:17.689,1.22727,1.22741,1.13,2.63
2013.04.26 14:21:18.230,1.22727,1.22741,1.13,2.63
2013.04.26 14:21:20.036,1.22725,1.2274,1.88,1.13
2013.04.26 14:21:20.757,1.22726,1.22741,1.50,3.75
2013.04.26 14:21:21.368,1.22726,1.22741,1.50,6.83
2013.04.26 14:21:21.676,1.22725,1.22739,1.50,1.13
2013.04.26 14:21:22.035,1.22726,1.22741,2.25,4.95
2013.04.26 14:21:23.346,1.22727,1.22741,1.50,4.95
2013.04.26 14:21:25.127,1.22727,1.2274,1.50,2.33
2013.04.26 14:21:25.646,1.22727,1.22742,1.50,6.23
2013.04.26 14:21:35.197,1.22727,1.22742,3.75,3.90
2013.04.26 14:21:35.697,1.22724,1.22741,3.00,3.75
2013.04.26 14:21:35.878,1.22724,1.2274,2.63,1.13
2013.04.26 14:21:36.236,1.22724,1.2274,2.63,1.13
2013.04.26 14:21:36.719,1.22724,1.2274,4.13,3.00
2013.04.26 14:21:36.787,1.22728,1.2274,2.25,3.00
2013.04.26 14:21:37.405,1.22728,1.2274,2.25,1.50
2013.04.26 14:21:37.866,1.22729,1.22742,1.50,3.08
2013.04.26 14:21:38.416,1.22729,1.22743,3.00,4.65
2013.04.26 14:21:39.276,1.22727,1.22743,1.13,4.65
2013.04.26 14:21:39.337,1.22726,1.22742,1.50,1.88
2013.04.26 14:21:39.456,1.22726,1.22741,1.50,1.88
2013.04.26 14:21:41.426,1.22726,1.22741,1.50,4.20
2013.04.26 14:21:41.548,1.22726,1.22741,1.50,4.20
2013.04.26 14:21:44.136,1.22726,1.22742,1.50,2.63
2013.04.26 14:21:44.196,1.22726,1.22742,1.50,2.63
2013.04.26 14:21:44.256,1.22726,1.22741,2.25,2.63
2013.04.26 14:21:44.316,1.22726,1.22741,2.25,2.63
2013.04.26 14:21:44.557,1.22731,1.22743,2.25,4.43
2013.04.26 14:21:44.737,1.22731,1.22745,2.25,2.40
2013.04.26 14:21:44.943,1.22731,1.22745,2.25,2.63
2013.04.26 14:21:45.495,1.22731,1.22745,1.50,2.63
2013.04.26 14:21:49.805,1.22728,1.22744,1.50,3.45
2013.04.26 14:21:50.572,1.22728,1.22742,1.50,1.50
2013.04.26 14:21:51.334,1.22728,1.22741,1.50,1.88
2013.04.26 14:21:51.827,1.22727,1.22742,2.25,1.13
2013.04.26 14:21:52.348,1.22729,1.22743,1.50,1.88
2013.04.26 14:21:52.428,1.22729,1.22744,1.50,2.48
2013.04.26 14:21:53.396,1.22729,1.22743,1.50,2.33
2013.04.26 14:21:53.516,1.22729,1.22743,1.50,2.70
2013.04.26 14:21:53.577,1.22728,1.22743,2.25,2.70
2013.04.26 14:21:53.757,1.22726,1.2274,3.75,1.88
2013.04.26 14:21:53.997,1.22725,1.2274,2.25,1.88
2013.04.26 14:21:55.908,1.22726,1.2274,3.75,1.88
2013.04.26 14:21:58.176,1.22725,1.2274,1.50,1.88
2013.04.26 14:22:01.125,1.22725,1.2274,2.25,1.50
2013.04.26 14:22:01.446,1.22727,1.22742,1.13,2.63
2013.04.26 14:22:02.267,1.22728,1.22742,1.50,2.63
2013.04.26 14:22:02.578,1.22731,1.22742,2.25,2.63
2013.04.26 14:22:02.756,1.22734,1.22745,2.25,4.13
2013.04.26 14:22:02.876,1.22737,1.22745,3.75,3.75
