2009.01.02 07:00:00.996,1.48872,1.48922,1.60,1.00
2009.01.02 07:00:01.267,1.48883,1.48898,1.00,1.00
2009.01.02 07:00:01.777,1.48867,1.48897,1.60,2.40
2009.01.02 07:00:02.376,1.4886,1.4889,3.40,1.60
2009.01.02 07:00:03.066,1.48861,1.48886,1.60,1.60
2009.01.02 07:00:03.416,1.48863,1.48888,1.00,11.40
2009.01.02 07:00:05.545,1.48863,1.48893,1.60,1.60
2009.01.02 07:00:06.945,1.48864,1.48894,2.80,1.00
2009.01.02 07:00:10.644,1.48862,1.48892,1.60,1.60
2009.01.02 07:00:11.544,1.48867,1.48892,3.40,1.60
2009.01.02 07:00:12.104,1.48869,1.48894,1.60,5.00
2009.01.02 07:00:12.554,1.48866,1.48901,1.60,2.40
2009.01.02 07:00:12.734,1.48869,1.48899,1.00,1.00
2009.01.02 07:00:13.014,1.48869,1.48904,1.60,1.60
2009.01.02 07:00:13.864,1.48871,1.48906,3.40,4.00
2009.01.02 07:00:15.673,1.48869,1.48914,3.40,1.00
2009.01.02 07:00:16.963,1.48889,1.48909,1.60,1.60
2009.01.02 07:00:18.743,1.48884,1.48914,1.00,3.40
2009.01.02 07:00:19.692,1.48876,1.48906,2.80,1.00
2009.01.02 07:00:19.802,1.48867,1.48897,3.80,2.40
2009.01.02 07:00:20.432,1.48863,1.48888,1.60,4.00
2009.01.02 07:00:23.401,1.48856,1.48886,2.40,1.20
2009.01.02 07:00:23.811,1.48845,1.4889,1.60,1.00
2009.01.02 07:00:24.501,1.48852,1.48887,3.40,1.60
2009.01.02 07:00:25.370,1.48853,1.48893,1.60,1.00
2009.01.02 07:00:25.771,1.48859,1.48894,4.20,3.40
2009.01.02 07:00:26.571,1.48861,1.48891,2.40,1.20
2009.01.02 07:00:26.980,1.48849,1.48899,1.60,2.40
2009.01.02 07:00:28.610,1.48859,1.48884,1.60,2.40
2009.01.02 07:00:29.480,1.48854,1.48889,1.60,1.00
2009.01.02 07:00:29.880,1.48854,1.48894,2.80,1.00
2009.01.02 07:00:30.289,1.48855,1.489,3.80,2.40
2009.01.02 07:00:30.840,1.4885,1.48905,1.00,1.00
2009.01.02 07:00:31.139,1.48856,1.48896,3.40,4.00
2009.01.02 07:00:31.499,1.48857,1.48887,3.40,1.60
2009.01.02 07:00:31.959,1.48857,1.48882,1.60,3.40
2009.01.02 07:00:32.429,1.48848,1.48893,1.60,2.40
2009.01.02 07:00:33.019,1.48855,1.4889,1.60,1.60
2009.01.02 07:00:33.879,1.48861,1.48886,4.20,1.00
2009.01.02 07:00:34.219,1.48856,1.48886,3.40,1.60
2009.01.02 07:00:35.488,1.48845,1.48885,3.40,2.40
2009.01.02 07:00:36.128,1.48835,1.48875,2.40,1.20
2009.01.02 07:00:44.266,1.48835,1.48865,1.60,1.00
2009.01.02 07:00:45.426,1.48835,1.4887,1.60,2.40
2009.01.02 07:00:45.706,1.48835,1.4888,1.60,1.00
2009.01.02 07:00:48.145,1.48839,1.48884,3.40,1.60
2009.01.02 07:00:49.335,1.48843,1.48888,1.60,1.00
2009.01.02 07:00:49.805,1.48845,1.48895,1.60,2.40
2009.01.02 07:00:50.715,1.48851,1.48896,1.60,5.00
2009.01.02 07:00:51.125,1.48844,1.48909,10.00,2.40
2009.01.02 07:00:51.604,1.48855,1.489,1.00,1.00
2009.01.02 07:00:51.724,1.48856,1.48901,4.20,3.40
2009.01.02 07:00:53.893,1.48868,1.48898,2.00,1.00
2009.01.02 07:00:54.344,1.48862,1.48907,3.40,4.00
2009.01.02 07:00:54.934,1.48865,1.489,1.00,1.00
2009.01.02 07:00:55.624,1.4886,1.48895,3.40,4.00
2009.01.02 07:00:55.804,1.48851,1.48896,3.80,4.80
2009.01.02 07:00:57.053,1.48851,1.48891,1.00,1.00
2009.01.02 07:00:57.623,1.48857,1.48892,1.60,2.40
2009.01.02 07:00:58.783,1.48863,1.48898,2.80,1.00
2009.01.02 07:00:59.822,1.48867,1.48902,1.60,1.00
2009.01.02 07:01:35.265,1.489,1.48935,1.60,2.40
2009.01.02 07:01:35.905,1.489,1.4894,1.60,2.40
2009.01.02 07:01:48.112,1.489,1.4893,1.60,2.40
2009.01.02 07:01:53.321,1.489,1.4893,1.60,2.40
2009.01.02 07:01:53.731,1.489,1.48945,1.60,2.40
2009.01.02 07:01:55.291,1.489,1.4894,1.60,2.40
2009.01.02 07:01:57.680,1.48885,1.48935,1.80,2.40
2009.01.02 07:02:23.014,1.48875,1.48925,2.20,2.40
2009.01.02 07:02:23.124,1.48865,1.48925,1.00,2.40
2009.01.02 07:02:23.294,1.4885,1.48925,15.80,4.80
2009.01.02 07:02:23.474,1.48845,1.48925,4.80,4.80
2009.01.02 07:02:47.098,1.48855,1.48925,1.80,4.80
2009.01.02 07:02:50.838,1.48855,1.48925,4.00,4.80
2009.01.02 07:02:51.367,1.48865,1.48925,1.80,2.40
2009.01.02 07:02:53.117,1.48855,1.48925,1.80,2.40
2009.01.02 07:02:57.616,1.4887,1.48925,1.80,2.40
2009.01.02 07:02:58.255,1.4887,1.48925,2.20,2.40
2009.01.02 07:02:58.375,1.4885,1.48925,1.80,2.40
2009.01.02 07:03:03.014,1.48865,1.48925,2.20,2.40
2009.01.02 07:03:03.364,1.48855,1.48925,1.80,2.40
2009.01.02 07:03:13.302,1.48845,1.48925,4.80,4.80
2009.01.02 07:03:15.301,1.48845,1.48925,4.80,2.40
2009.01.02 07:03:18.781,1.48845,1.48925,4.80,4.80
2009.01.02 07:03:37.706,1.48855,1.48925,1.80,4.80
2009.01.02 07:03:38.176,1.48855,1.48925,1.80,2.40
2009.01.02 07:03:47.864,1.48865,1.48925,1.80,2.40
2009.01.02 07:03:49.603,1.48855,1.48925,1.80,2.40
2009.01.02 07:03:53.732,1.48865,1.48925,1.80,2.40
2009.01.02 07:03:56.381,1.4886,1.4891,4.00,2.40
2009.01.02 07:03:56.552,1.4886,1.4891,1.80,2.40
2009.01.02 07:03:56.962,1.48855,1.4893,1.80,2.40
2009.01.02 07:03:57.181,1.48855,1.4893,1.80,2.40
2009.01.02 07:03:58.771,1.4887,1.48925,1.80,2.40
2009.01.02 07:03:59.291,1.4885,1.48925,1.80,2.40
2009.01.02 07:04:09.609,1.48865,1.48925,1.80,2.40
2009.01.02 07:04:14.167,1.48855,1.48925,4.00,2.40
2009.01.02 07:04:14.627,1.4887,1.48925,1.80,2.40
2009.01.02 07:04:15.847,1.48875,1.48925,2.20,2.40
2009.01.02 07:04:16.697,1.48865,1.48925,1.80,2.40
2009.01.02 07:04:21.765,1.48855,1.48925,1.80,2.40
2009.01.02 07:04:25.355,1.48865,1.48925,1.80,2.40
2009.01.02 07:04:29.364,1.4884,1.489,2.40,2.40
2009.01.02 07:04:29.424,1.48835,1.489,1.80,2.40
2009.01.02 07:04:45.030,1.48835,1.48905,1.00,10.40
2009.01.02 07:04:45.250,1.4883,1.48915,1.00,2.40
2009.01.02 07:04:49.759,1.48835,1.4892,1.00,3.40
2009.01.02 07:04:50.188,1.4883,1.48915,1.00,2.40
2009.01.02 07:04:51.958,1.4882,1.48905,1.00,2.40
2009.01.02 07:04:54.758,1.48815,1.489,1.00,2.40
2009.01.02 07:04:55.038,1.4881,1.48895,1.00,2.40
2009.01.02 07:04:57.927,1.48825,1.48905,1.00,2.40
2009.01.02 07:04:59.876,1.4884,1.48905,1.80,2.40
2009.01.02 07:04:59.996,1.4884,1.4893,1.80,4.80
2009.01.02 07:05:00.356,1.4884,1.4893,2.40,4.80
2009.01.02 07:05:01.236,1.48845,1.48925,4.80,4.80
2009.01.02 07:05:10.903,1.48845,1.4891,4.80,1.00
2009.01.02 07:05:11.243,1.48845,1.4892,4.00,2.40
2009.01.02 07:05:11.713,1.48845,1.48935,4.00,4.80
2009.01.02 07:05:13.963,1.48845,1.4891,4.00,2.40
2009.01.02 07:05:14.363,1.48845,1.4893,4.00,4.80
2009.01.02 07:05:14.543,1.48845,1.4893,4.80,4.80
2009.01.02 07:05:35.598,1.48845,1.4892,4.80,1.20
2009.01.02 07:05:43.136,1.48845,1.48925,4.80,4.80
2009.01.02 07:05:43.736,1.48845,1.4891,4.80,2.40
2009.01.02 07:05:43.966,1.48845,1.4891,1.80,2.40
2009.01.02 07:05:49.864,1.48845,1.48915,1.80,4.80
2009.01.02 07:05:50.144,1.48845,1.48915,1.80,2.40
2009.01.02 07:05:53.433,1.48845,1.48915,1.80,4.80
2009.01.02 07:05:53.883,1.48845,1.489,1.80,2.40
2009.01.02 07:05:54.693,1.48845,1.48915,1.80,4.80
2009.01.02 07:05:55.273,1.48845,1.48915,1.80,2.40
2009.01.02 07:05:58.262,1.48845,1.4892,4.00,2.40
2009.01.02 07:06:12.159,1.48845,1.4892,4.00,2.40
2009.01.02 07:06:23.216,1.4885,1.489,2.20,2.40
2009.01.02 07:06:23.776,1.4884,1.489,1.80,2.40
2009.01.02 07:06:25.845,1.48835,1.48885,1.80,2.40
2009.01.02 07:06:26.745,1.4884,1.4889,1.80,2.40
2009.01.02 07:06:29.755,1.48835,1.48885,4.00,2.40
2009.01.02 07:06:30.154,1.48835,1.48885,1.80,2.40
2009.01.02 07:06:34.573,1.48835,1.48885,1.80,2.40
2009.01.02 07:06:35.303,1.4883,1.48875,1.80,2.40
2009.01.02 07:06:35.753,1.48835,1.48885,1.80,2.40
2009.01.02 07:06:37.333,1.4883,1.48875,1.80,2.40
2009.01.02 07:07:11.874,1.4883,1.4888,1.80,2.40
2009.01.02 07:07:11.934,1.4883,1.4888,1.80,2.40
2009.01.02 07:07:12.154,1.4884,1.48885,1.80,2.40
2009.01.02 07:07:12.214,1.48845,1.48895,1.80,2.40
2009.01.02 07:07:14.474,1.48845,1.48905,1.80,2.40
2009.01.02 07:07:14.894,1.48845,1.4892,1.80,2.40
2009.01.02 07:07:15.183,1.48845,1.48925,1.80,4.80
2009.01.02 07:07:15.423,1.48845,1.48925,2.40,4.80
2009.01.02 07:07:45.496,1.48845,1.48925,1.00,4.80
2009.01.02 07:07:45.656,1.48835,1.4892,1.00,2.40
2009.01.02 07:07:45.986,1.4883,1.48915,1.00,2.40
2009.01.02 07:07:47.786,1.4886,1.48915,1.80,2.40
2009.01.02 07:07:48.196,1.4886,1.48925,1.80,2.40
2009.01.02 07:07:48.905,1.48875,1.48925,1.80,2.40
2009.01.02 07:08:54.350,1.4886,1.48925,2.20,2.40
2009.01.02 07:08:55.100,1.48835,1.4892,4.80,2.40
2009.01.02 07:08:55.160,1.4883,1.4891,1.80,2.40
2009.01.02 07:08:55.619,1.4883,1.48915,1.80,2.40
2009.01.02 07:08:56.199,1.48835,1.4891,1.80,2.40
2009.01.02 07:08:57.349,1.48835,1.48915,1.80,2.40
2009.01.02 07:08:57.749,1.48835,1.4891,1.80,2.40
2009.01.02 07:08:58.319,1.48835,1.48915,1.80,2.40
2009.01.02 07:08:59.548,1.48825,1.4891,3.00,2.40
2009.01.02 07:08:59.788,1.48815,1.489,1.00,2.40
2009.01.02 07:09:00.498,1.4882,1.48905,1.00,2.40
2009.01.02 07:09:00.838,1.48815,1.489,1.00,2.40
2009.01.02 07:09:01.638,1.4882,1.48905,1.00,2.40
2009.01.02 07:09:01.878,1.4881,1.48895,2.40,2.40
2009.01.02 07:09:02.228,1.48815,1.48895,1.00,2.40
2009.01.02 07:09:03.357,1.48825,1.4891,1.00,2.40
2009.01.02 07:09:04.337,1.488,1.48895,1.00,2.40
2009.01.02 07:09:07.587,1.48815,1.489,1.00,2.40
2009.01.02 07:09:08.436,1.4879,1.48885,3.00,2.40
2009.01.02 07:09:08.946,1.4879,1.48885,1.00,2.40
2009.01.02 07:09:09.176,1.48795,1.48885,1.80,2.40
2009.01.02 07:09:09.406,1.488,1.4889,1.00,2.40
2009.01.02 07:09:09.586,1.48815,1.489,1.00,2.40
2009.01.02 07:09:10.146,1.4881,1.48895,1.00,2.40
2009.01.02 07:09:14.215,1.4881,1.48895,2.40,2.40
2009.01.02 07:09:14.395,1.48815,1.489,1.00,2.40
2009.01.02 07:09:17.194,1.4885,1.48935,1.80,4.80
2009.01.02 07:09:17.654,1.4885,1.48935,1.80,2.40
2009.01.02 07:09:18.704,1.48865,1.48925,1.80,2.40
2009.01.02 07:10:34.606,1.4886,1.4891,1.80,2.40
2009.01.02 07:10:43.613,1.48865,1.4891,1.80,2.40
2009.01.02 07:10:46.233,1.48865,1.48925,1.80,2.40
2009.01.02 07:10:48.142,1.48855,1.48905,3.00,2.40
2009.01.02 07:10:48.702,1.4886,1.48905,2.20,2.40
2009.01.02 07:10:49.162,1.4885,1.48895,1.80,2.40
2009.01.02 07:11:08.088,1.4886,1.48905,1.80,2.40
2009.01.02 07:11:08.607,1.48865,1.4893,1.80,4.80
2009.01.02 07:11:09.057,1.48865,1.4893,1.80,2.40
2009.01.02 07:11:09.987,1.4885,1.4891,1.80,2.40
2009.01.02 07:11:15.136,1.4885,1.489,1.80,2.40
2009.01.02 07:11:27.993,1.48835,1.48885,2.20,2.40
2009.01.02 07:11:28.112,1.48825,1.48885,1.00,2.40
2009.01.02 07:11:28.223,1.488,1.48885,1.00,2.40
2009.01.02 07:11:28.683,1.48795,1.4888,1.80,2.40
2009.01.02 07:11:28.962,1.48795,1.4888,1.80,2.40
2009.01.02 07:11:33.411,1.4881,1.48885,1.80,2.40
2009.01.02 07:11:36.820,1.4881,1.4889,1.80,2.40
2009.01.02 07:11:37.330,1.4881,1.4889,2.40,2.40
2009.01.02 07:11:37.800,1.48815,1.489,1.00,2.40
2009.01.02 07:11:38.030,1.48825,1.4891,2.40,2.40
2009.01.02 07:11:39.650,1.4882,1.48905,3.00,2.40
2009.01.02 07:11:40.180,1.4882,1.48905,1.00,2.40
2009.01.02 07:11:40.530,1.4882,1.48905,3.00,2.40
2009.01.02 07:11:40.630,1.48835,1.48915,1.80,2.40
2009.01.02 07:11:42.819,1.4881,1.489,1.00,2.40
2009.01.02 07:11:43.219,1.48815,1.48905,1.00,2.40
2009.01.02 07:11:43.389,1.4881,1.489,1.00,2.40
2009.01.02 07:11:44.949,1.4882,1.48905,1.00,2.40
2009.01.02 07:11:49.808,1.48825,1.48905,1.80,2.40
2009.01.02 07:11:50.048,1.48825,1.4891,2.40,2.40
2009.01.02 07:11:52.817,1.48825,1.4891,1.00,2.40
2009.01.02 07:11:53.237,1.4882,1.48905,1.00,2.40
2009.01.02 07:11:54.176,1.48815,1.489,1.00,2.40
2009.01.02 07:11:54.576,1.48825,1.489,1.80,2.40
2009.01.02 07:11:54.986,1.4883,1.48915,1.00,2.40
2009.01.02 07:11:55.616,1.48825,1.4891,1.00,2.40
2009.01.02 07:11:56.426,1.48825,1.4891,2.40,2.40
2009.01.02 07:12:01.744,1.48835,1.4891,1.80,2.40
2009.01.02 07:12:02.265,1.48835,1.4889,2.40,2.40
2009.01.02 07:12:02.554,1.48835,1.4889,1.80,2.40
2009.01.02 07:12:04.764,1.48835,1.48895,1.80,2.40
2009.01.02 07:12:09.373,1.48835,1.48905,1.80,4.80
2009.01.02 07:12:09.722,1.48835,1.4891,1.80,2.40
2009.01.02 07:12:10.163,1.4885,1.48925,1.80,4.80
2009.01.02 07:12:11.032,1.48845,1.48925,1.00,4.80
2009.01.02 07:12:11.492,1.4884,1.48925,2.40,4.80
2009.01.02 07:12:15.241,1.4884,1.48915,1.80,2.40
2009.01.02 07:12:20.590,1.4884,1.4892,1.80,2.40
2009.01.02 07:12:20.880,1.4884,1.48925,2.40,4.80
2009.01.02 07:12:34.526,1.4884,1.4892,1.80,2.40
2009.01.02 07:12:45.384,1.4884,1.48885,1.80,1.00
2009.01.02 07:12:45.554,1.48805,1.4891,1.00,2.40
2009.01.02 07:12:46.124,1.48805,1.48915,1.00,2.40
2009.01.02 07:12:50.972,1.48815,1.489,8.60,2.40
2009.01.02 07:12:51.213,1.4883,1.48915,1.00,2.40
2009.01.02 07:12:52.652,1.4882,1.489,1.00,2.40
2009.01.02 07:12:53.192,1.48815,1.489,1.00,2.40
2009.01.02 07:12:54.512,1.48805,1.4889,2.40,2.40
2009.01.02 07:12:54.852,1.48805,1.48865,1.00,3.20
2009.01.02 07:12:55.142,1.4879,1.48855,8.80,2.40
2009.01.02 07:12:55.721,1.4875,1.4883,48.00,2.40
2009.01.02 07:12:56.231,1.4875,1.4884,48.00,2.40
2009.01.02 07:12:56.581,1.4875,1.48845,48.00,2.40
2009.01.02 07:12:56.941,1.4876,1.4879,48.00,2.40
2009.01.02 07:12:58.391,1.4876,1.4882,48.00,2.40
2009.01.02 07:12:58.621,1.48785,1.4882,2.20,2.40
2009.01.02 07:12:59.091,1.4878,1.48895,3.00,10.40
2009.01.02 07:13:00.191,1.48795,1.48865,3.00,2.40
2009.01.02 07:13:00.430,1.488,1.48865,2.20,2.40
2009.01.02 07:13:01.060,1.4879,1.4883,2.20,2.40
2009.01.02 07:13:01.230,1.4875,1.4883,48.00,2.40
2009.01.02 07:13:02.371,1.4876,1.48805,48.00,4.80
2009.01.02 07:13:03.180,1.4876,1.48805,50.20,4.80
2009.01.02 07:13:03.520,1.4876,1.48815,48.00,4.80
2009.01.02 07:13:04.059,1.4876,1.4882,48.00,2.40
2009.01.02 07:13:04.530,1.4876,1.48815,48.00,2.40
2009.01.02 07:13:04.819,1.4876,1.4882,48.00,2.40
2009.01.02 07:13:05.769,1.4876,1.48825,49.80,2.40
2009.01.02 07:13:06.669,1.4876,1.48815,49.80,2.40
2009.01.02 07:13:07.359,1.4876,1.48825,49.80,2.40
2009.01.02 07:13:08.418,1.4876,1.48815,49.80,2.40
2009.01.02 07:13:14.277,1.4877,1.48815,1.80,2.40
2009.01.02 07:13:14.687,1.4876,1.48815,48.00,2.40
2009.01.02 07:13:18.276,1.4876,1.48805,48.00,2.40
2009.01.02 07:13:21.925,1.4876,1.48815,48.00,2.40
2009.01.02 07:13:24.405,1.4876,1.48805,48.00,2.40
2009.01.02 07:13:27.024,1.4876,1.48815,48.00,2.40
2009.01.02 07:13:29.024,1.4876,1.48805,48.00,2.40
2009.01.02 07:13:32.323,1.4876,1.48805,48.00,1.00
2009.01.02 07:13:32.603,1.4876,1.48815,48.00,2.40
2009.01.02 07:13:44.560,1.4876,1.48805,48.00,2.40
2009.01.02 07:13:45.090,1.4876,1.48815,48.00,2.40
2009.01.02 07:13:51.748,1.4876,1.48805,48.00,1.00
2009.01.02 07:13:51.798,1.4876,1.48815,48.00,2.40
2009.01.02 07:13:53.657,1.4876,1.48805,48.00,2.40
2009.01.02 07:13:56.966,1.48745,1.48795,1.80,2.40
2009.01.02 07:13:59.946,1.4873,1.4878,1.80,2.40
2009.01.02 07:14:01.606,1.48735,1.48785,1.80,2.40
2009.01.02 07:14:01.726,1.48745,1.4879,1.80,1.00
2009.01.02 07:14:01.845,1.48745,1.488,1.80,1.60
2009.01.02 07:14:03.635,1.48745,1.48795,1.80,2.40
2009.01.02 07:14:07.954,1.4874,1.4879,1.80,2.40
2009.01.02 07:14:09.753,1.48745,1.48795,1.80,2.40
2009.01.02 07:14:13.383,1.4874,1.4879,1.80,2.40
2009.01.02 07:14:24.000,1.48745,1.48795,1.80,2.40
2009.01.02 07:14:26.260,1.48745,1.4879,1.80,2.40
2009.01.02 07:14:26.699,1.48745,1.4879,1.80,2.40
2009.01.02 07:14:26.879,1.48745,1.48785,1.80,1.00
2009.01.02 07:14:27.109,1.48745,1.48795,1.80,2.40
2009.01.02 07:14:28.429,1.4875,1.488,1.80,4.00
2009.01.02 07:14:28.669,1.48755,1.488,1.80,1.60
2009.01.02 07:14:30.379,1.4876,1.488,3.00,1.60
2009.01.02 07:14:31.068,1.4876,1.48795,2.20,2.40
2009.01.02 07:14:31.288,1.4875,1.48795,1.80,2.40
2009.01.02 07:14:35.887,1.48745,1.4879,1.80,2.40
2009.01.02 07:14:38.197,1.48745,1.488,1.80,4.00
2009.01.02 07:14:41.696,1.48745,1.488,1.80,1.60
2009.01.02 07:14:41.876,1.48745,1.488,1.80,1.60
2009.01.02 07:14:46.285,1.48735,1.48785,4.00,2.40
2009.01.02 07:14:46.925,1.48735,1.48785,1.80,2.40
2009.01.02 07:14:49.294,1.4874,1.48785,1.80,2.40
2009.01.02 07:14:50.094,1.48735,1.4878,1.80,2.40
2009.01.02 07:14:56.512,1.4873,1.48775,1.80,2.40
2009.01.02 07:15:01.132,1.48735,1.4878,1.80,2.40
2009.01.02 07:15:01.601,1.48735,1.4878,1.80,2.40
2009.01.02 07:15:01.711,1.4874,1.48785,1.80,2.40
2009.01.02 07:15:02.062,1.4874,1.48785,1.80,2.40
2009.01.02 07:15:02.241,1.48745,1.48795,1.80,2.40
2009.01.02 07:15:02.361,1.48745,1.488,1.80,1.60
2009.01.02 07:15:43.571,1.48745,1.488,1.80,4.00
2009.01.02 07:15:52.609,1.48745,1.488,1.80,1.60
2009.01.02 07:16:12.204,1.48745,1.488,1.80,4.00
2009.01.02 07:17:22.047,1.4874,1.48785,1.80,2.40
2009.01.02 07:17:23.837,1.48735,1.4878,1.80,2.40
2009.01.02 07:17:25.616,1.4874,1.48785,1.80,2.40
2009.01.02 07:17:26.036,1.4874,1.48785,1.80,2.40
2009.01.02 07:17:27.116,1.4874,1.48785,1.80,2.40
2009.01.02 07:17:27.746,1.4874,1.48785,1.80,2.40
2009.01.02 07:17:28.676,1.4873,1.4878,1.80,2.40
2009.01.02 07:17:28.956,1.4874,1.48785,1.80,2.40
2009.01.02 07:17:30.605,1.4874,1.4877,1.80,1.00
2009.01.02 07:17:31.065,1.48745,1.4881,1.80,6.40
2009.01.02 07:17:31.525,1.48745,1.4881,1.80,4.00
2009.01.02 07:17:32.045,1.4874,1.488,1.80,2.40
2009.01.02 07:17:33.065,1.48735,1.4878,1.80,2.40
2009.01.02 07:17:33.485,1.4873,1.48775,1.80,2.40
2009.01.02 07:17:36.524,1.48735,1.48785,1.80,2.40
2009.01.02 07:17:36.894,1.48735,1.48785,1.80,2.40
2009.01.02 07:17:37.053,1.48745,1.4879,1.80,2.40
2009.01.02 07:17:43.552,1.4874,1.48785,1.80,2.40
2009.01.02 07:17:44.082,1.4874,1.4877,1.80,1.00
2009.01.02 07:17:45.062,1.4873,1.4877,1.80,1.00
2009.01.02 07:17:45.222,1.4874,1.48785,1.80,2.40
2009.01.02 07:17:45.911,1.4874,1.48785,1.80,4.80
2009.01.02 07:17:46.031,1.48715,1.48775,1.80,2.40
2009.01.02 07:17:47.481,1.4871,1.4876,4.00,2.40
2009.01.02 07:17:47.831,1.4871,1.4876,1.80,2.40
2009.01.02 07:17:47.891,1.48665,1.48755,3.00,2.40
2009.01.02 07:17:48.301,1.4865,1.4874,42.80,2.40
2009.01.02 07:17:48.871,1.4865,1.48735,40.80,2.40
2009.01.02 07:17:49.391,1.4866,1.48735,40.00,2.40
2009.01.02 07:17:55.129,1.4866,1.4873,40.00,2.40
2009.01.02 07:17:55.589,1.4866,1.48725,40.00,2.40
2009.01.02 07:17:57.319,1.4866,1.4873,40.00,2.40
2009.01.02 07:18:01.348,1.4866,1.48725,40.00,2.40
2009.01.02 07:18:12.335,1.4866,1.4873,40.00,2.40
2009.01.02 07:18:17.354,1.48675,1.4873,1.80,2.40
2009.01.02 07:18:17.864,1.48675,1.48735,1.80,2.40
2009.01.02 07:18:18.044,1.48675,1.48735,1.80,2.40
2009.01.02 07:18:20.273,1.48675,1.48735,1.80,10.40
2009.01.02 07:18:21.203,1.48675,1.4871,1.80,1.00
2009.01.02 07:18:21.383,1.4866,1.487,2.20,2.40
2009.01.02 07:18:21.493,1.48635,1.487,1.80,2.40
2009.01.02 07:18:22.533,1.48635,1.48685,1.80,2.40
2009.01.02 07:18:23.012,1.48645,1.4869,1.80,2.40
2009.01.02 07:18:23.342,1.4865,1.4873,1.80,7.20
2009.01.02 07:18:23.872,1.4865,1.4874,1.80,2.40
2009.01.02 07:18:33.870,1.4864,1.48725,1.00,2.40
2009.01.02 07:18:37.229,1.48625,1.4871,2.80,2.40
2009.01.02 07:18:37.509,1.48625,1.48705,2.80,2.40
2009.01.02 07:18:38.039,1.4862,1.48695,2.00,2.40
2009.01.02 07:18:39.519,1.4862,1.487,2.00,2.40
2009.01.02 07:18:40.169,1.48625,1.487,2.00,2.40
2009.01.02 07:18:40.449,1.4863,1.48705,1.80,2.40
2009.01.02 07:18:40.738,1.4863,1.4871,1.80,2.40
2009.01.02 07:18:41.098,1.4863,1.48715,2.40,2.40
2009.01.02 07:18:41.678,1.48625,1.48675,1.00,2.40
2009.01.02 07:18:41.888,1.48615,1.48675,4.00,2.40
2009.01.02 07:18:42.458,1.48615,1.48675,1.80,2.40
2009.01.02 07:18:46.907,1.4862,1.48675,1.80,4.80
2009.01.02 07:18:47.187,1.4862,1.48675,1.80,2.40
2009.01.02 07:18:47.597,1.48625,1.48685,2.00,2.40
2009.01.02 07:18:47.827,1.48625,1.4871,2.00,2.40
2009.01.02 07:18:52.006,1.4863,1.4871,1.80,2.40
2009.01.02 07:18:52.126,1.48635,1.48715,2.00,2.40
2009.01.02 07:18:52.606,1.48635,1.48715,2.80,2.40
2009.01.02 07:18:55.815,1.48635,1.48715,2.80,2.40
2009.01.02 07:18:58.124,1.48645,1.48715,2.00,2.40
2009.01.02 07:18:58.354,1.48645,1.48715,4.00,2.40
2009.01.02 07:18:58.524,1.48645,1.4873,4.60,2.40
2009.01.02 07:18:59.504,1.48645,1.4873,7.00,2.40
2009.01.02 07:19:01.653,1.48645,1.4873,4.80,2.40
2009.01.02 07:19:03.513,1.48645,1.4873,7.00,2.40
2009.01.02 07:19:05.222,1.4865,1.487,2.20,2.40
2009.01.02 07:19:05.383,1.4865,1.487,2.20,2.40
2009.01.02 07:19:05.553,1.4864,1.487,1.80,2.40
2009.01.02 07:19:09.622,1.4864,1.48685,1.80,2.40
2009.01.02 07:19:12.261,1.4863,1.4868,1.80,2.40
2009.01.02 07:19:12.381,1.4864,1.48685,1.80,2.40
2009.01.02 07:19:12.561,1.4864,1.48685,1.80,2.40
2009.01.02 07:19:14.020,1.48645,1.4869,1.80,2.40
2009.01.02 07:19:14.740,1.48645,1.48715,1.80,2.40
2009.01.02 07:19:15.100,1.48645,1.4873,2.40,4.80
2009.01.02 07:19:21.149,1.4867,1.48725,1.80,2.40
2009.01.02 07:19:21.538,1.4867,1.4872,1.80,1.00
2009.01.02 07:19:22.928,1.4868,1.4873,1.80,2.40
2009.01.02 07:19:23.418,1.4864,1.48725,7.00,2.40
2009.01.02 07:19:23.588,1.48635,1.48725,4.80,4.80
2009.01.02 07:19:29.547,1.48645,1.48715,4.00,2.40
2009.01.02 07:19:30.526,1.48645,1.487,4.00,2.40
2009.01.02 07:19:31.066,1.48645,1.487,1.80,2.40
2009.01.02 07:19:31.516,1.48645,1.4869,1.80,2.40
2009.01.02 07:19:31.986,1.48645,1.4869,1.80,2.40
2009.01.02 07:19:32.556,1.48635,1.48685,1.80,2.40
2009.01.02 07:19:33.425,1.4863,1.48675,1.80,2.40
2009.01.02 07:19:33.605,1.4863,1.48675,1.80,2.40
2009.01.02 07:19:34.925,1.4863,1.48675,1.80,2.40
2009.01.02 07:19:35.145,1.48645,1.4869,1.80,2.40
2009.01.02 07:19:35.555,1.48645,1.48725,1.80,2.40
2009.01.02 07:19:35.675,1.48645,1.4873,1.80,2.40
2009.01.02 07:19:35.975,1.48645,1.4873,4.00,2.40
2009.01.02 07:19:36.195,1.48645,1.4874,4.80,2.40
2009.01.02 07:19:57.060,1.48675,1.4873,1.80,2.40
2009.01.02 07:19:57.340,1.48675,1.4873,1.80,1.00
2009.01.02 07:19:57.730,1.4868,1.4873,1.80,1.00
2009.01.02 07:19:58.420,1.48695,1.48745,1.80,2.40
2009.01.02 07:20:08.787,1.4869,1.4874,1.80,2.40
2009.01.02 07:20:11.256,1.48695,1.48745,1.80,2.40
2009.01.02 07:20:21.184,1.48695,1.48745,1.80,2.40
2009.01.02 07:20:26.813,1.4867,1.48745,3.00,2.40
2009.01.02 07:20:27.153,1.4867,1.48745,1.00,2.40
2009.01.02 07:20:27.563,1.48635,1.4873,4.80,2.40
2009.01.02 07:20:28.742,1.48645,1.4873,1.00,2.40
2009.01.02 07:20:29.312,1.4864,1.48725,1.00,2.40
2009.01.02 07:21:20.330,1.48645,1.4873,1.00,2.40
2009.01.02 07:21:27.898,1.4865,1.48735,1.00,2.40
2009.01.02 07:21:28.818,1.48655,1.4874,1.00,2.40
2009.01.02 07:21:40.455,1.4865,1.48735,1.00,2.40
2009.01.02 07:21:44.024,1.48685,1.4877,1.80,4.80
2009.01.02 07:21:44.254,1.48685,1.4877,1.80,2.40
2009.01.02 07:21:44.534,1.48685,1.4878,1.80,4.80
2009.01.02 07:21:44.994,1.48685,1.4877,1.00,1.20
2009.01.02 07:21:45.214,1.48675,1.4876,1.00,1.20
2009.01.02 07:21:45.854,1.4867,1.4876,1.00,3.40
2009.01.02 07:21:46.023,1.4867,1.48755,1.00,2.40
2009.01.02 07:21:48.183,1.4868,1.48765,1.00,3.40
2009.01.02 07:21:48.873,1.48705,1.48765,1.00,3.40
2009.01.02 07:21:49.043,1.487,1.48765,2.60,2.40
2009.01.02 07:21:49.283,1.487,1.4878,2.60,12.80
2009.01.02 07:21:51.082,1.4871,1.4876,2.60,1.40
2009.01.02 07:21:51.432,1.4871,1.48755,2.60,1.20
2009.01.02 07:21:51.602,1.4865,1.48745,1.00,1.20
2009.01.02 07:21:51.662,1.4864,1.48735,8.80,2.40
2009.01.02 07:21:51.782,1.4864,1.48735,1.00,2.40
2009.01.02 07:21:51.842,1.48625,1.48735,1.00,2.40
2009.01.02 07:21:52.182,1.4862,1.4872,1.00,2.40
2009.01.02 07:21:54.642,1.4866,1.4872,2.40,2.40
2009.01.02 07:21:55.041,1.48675,1.4872,1.80,2.40
2009.01.02 07:21:55.221,1.48675,1.48745,1.80,2.40
2009.01.02 07:21:57.931,1.48685,1.4873,1.80,2.40
2009.01.02 07:21:58.271,1.48685,1.4874,1.80,4.80
2009.01.02 07:21:58.611,1.48685,1.4874,1.80,2.40
2009.01.02 07:22:00.160,1.48695,1.4874,1.80,2.40
2009.01.02 07:22:01.030,1.48685,1.4874,1.00,2.40
2009.01.02 07:22:01.320,1.48645,1.4874,8.60,2.40
2009.01.02 07:22:01.380,1.48635,1.4873,1.00,2.40
2009.01.02 07:22:12.587,1.4864,1.48675,24.00,2.40
2009.01.02 07:22:12.937,1.4863,1.48675,2.20,2.40
2009.01.02 07:22:13.057,1.4855,1.4865,10.00,2.40
2009.01.02 07:22:13.167,1.4855,1.4865,2.00,2.40
2009.01.02 07:22:13.807,1.48575,1.4865,1.00,8.00
2009.01.02 07:22:13.867,1.48575,1.48675,1.00,2.40
2009.01.02 07:22:14.087,1.4859,1.48675,2.00,2.40
2009.01.02 07:22:14.447,1.48605,1.48695,2.80,2.40
2009.01.02 07:22:14.806,1.4862,1.48715,1.00,2.40
2009.01.02 07:22:18.536,1.48625,1.48695,1.00,2.40
2009.01.02 07:22:18.706,1.48615,1.48695,1.80,2.40
2009.01.02 07:22:20.675,1.4864,1.4869,1.80,1.00
2009.01.02 07:22:21.195,1.48625,1.48685,1.00,2.40
2009.01.02 07:22:21.305,1.4862,1.48685,4.80,2.40
2009.01.02 07:22:21.525,1.48605,1.48685,2.60,2.40
2009.01.02 07:22:22.815,1.48615,1.4869,4.00,2.40
2009.01.02 07:22:23.045,1.48615,1.487,4.80,2.40
2009.01.02 07:22:23.275,1.4862,1.48705,3.00,2.40
2009.01.02 07:22:23.915,1.48625,1.4871,1.00,2.40
2009.01.02 07:22:28.484,1.4862,1.48705,3.00,2.40
2009.01.02 07:22:29.003,1.48625,1.4871,1.00,2.40
2009.01.02 07:22:29.453,1.48625,1.4865,1.00,1.40
2009.01.02 07:22:29.624,1.48615,1.4865,4.80,1.40
2009.01.02 07:22:30.143,1.48615,1.4864,2.40,1.00
2009.01.02 07:22:30.483,1.48615,1.48625,1.80,1.00
2009.01.02 07:22:32.603,1.4857,1.4862,10.20,2.40
2009.01.02 07:22:33.062,1.4854,1.4861,16.00,2.40
2009.01.02 07:22:33.572,1.4854,1.486,16.00,2.40
2009.01.02 07:22:36.931,1.4855,1.48605,16.00,2.40
2009.01.02 07:22:40.430,1.48565,1.48605,1.80,2.40
2009.01.02 07:22:40.540,1.48565,1.4862,1.80,2.40
2009.01.02 07:22:41.980,1.48565,1.4862,1.80,2.40
2009.01.02 07:22:42.430,1.4856,1.48605,1.80,2.40
2009.01.02 07:22:44.039,1.4855,1.48605,16.80,3.80
2009.01.02 07:22:44.509,1.4855,1.486,16.00,2.40
2009.01.02 07:22:44.850,1.4855,1.48595,16.00,2.40
2009.01.02 07:22:46.409,1.4855,1.48595,16.80,2.40
2009.01.02 07:22:46.519,1.4856,1.48605,1.80,2.40
2009.01.02 07:22:49.928,1.4856,1.48605,1.80,3.80
2009.01.02 07:22:50.098,1.4855,1.486,16.00,2.40
2009.01.02 07:22:50.318,1.4855,1.48595,16.00,2.40
2009.01.02 07:22:51.308,1.4855,1.48605,16.00,2.40
2009.01.02 07:22:51.858,1.4855,1.4861,16.00,2.40
2009.01.02 07:22:53.128,1.4855,1.48615,16.00,2.40
2009.01.02 07:22:53.807,1.48555,1.48615,1.00,2.40
2009.01.02 07:22:53.987,1.48555,1.4863,1.00,2.40
2009.01.02 07:22:54.387,1.4856,1.4864,1.00,18.40
2009.01.02 07:22:59.596,1.48575,1.4864,2.40,18.40
2009.01.02 07:22:59.886,1.48585,1.4864,1.00,16.00
2009.01.02 07:23:00.296,1.48565,1.4864,3.00,16.00
2009.01.02 07:23:00.756,1.48565,1.4864,1.00,16.00
2009.01.02 07:23:01.795,1.4859,1.4864,2.40,16.00
2009.01.02 07:23:02.455,1.486,1.4864,1.00,16.00
2009.01.02 07:23:02.815,1.486,1.4864,1.40,16.00
2009.01.02 07:23:03.445,1.4861,1.4864,1.00,16.00
2009.01.02 07:23:03.865,1.486,1.4864,1.00,16.00
2009.01.02 07:23:04.225,1.48595,1.4864,1.40,16.00
2009.01.02 07:23:05.255,1.4859,1.4864,1.40,16.00
2009.01.02 07:23:06.705,1.486,1.4864,2.40,16.00
2009.01.02 07:23:07.494,1.4861,1.4864,1.00,16.00
2009.01.02 07:23:07.894,1.486,1.4864,4.00,16.00
2009.01.02 07:23:08.414,1.4861,1.4864,1.40,16.00
2009.01.02 07:23:08.884,1.4861,1.4864,1.00,16.00
2009.01.02 07:23:10.033,1.48595,1.4864,1.00,16.00
2009.01.02 07:23:10.503,1.4859,1.4864,2.80,16.00
2009.01.02 07:23:10.973,1.48595,1.4864,2.00,16.00
2009.01.02 07:23:11.203,1.4859,1.4864,1.00,16.00
2009.01.02 07:23:11.723,1.48585,1.4864,2.40,16.00
2009.01.02 07:23:12.003,1.4861,1.4868,1.80,2.40
2009.01.02 07:23:12.293,1.4861,1.48695,1.80,2.40
2009.01.02 07:23:12.803,1.4861,1.48695,1.80,4.80
2009.01.02 07:23:13.382,1.48615,1.4867,1.80,2.40
2009.01.02 07:23:13.892,1.4861,1.48665,1.80,2.40
2009.01.02 07:23:14.342,1.4862,1.4866,1.00,2.40
2009.01.02 07:23:15.002,1.4862,1.4866,2.40,2.40
2009.01.02 07:23:15.802,1.4863,1.48665,1.00,2.40
2009.01.02 07:23:16.152,1.48635,1.4867,1.00,3.80
2009.01.02 07:23:16.312,1.48625,1.4866,1.80,1.00
2009.01.02 07:23:17.142,1.48635,1.4866,2.00,1.00
2009.01.02 07:23:17.831,1.4866,1.48715,1.00,4.80
2009.01.02 07:23:18.352,1.4864,1.48735,1.00,8.00
2009.01.02 07:23:18.642,1.48695,1.48795,1.00,1.20
2009.01.02 07:23:18.991,1.48695,1.48735,1.00,8.00
2009.01.02 07:23:19.441,1.48635,1.48735,1.00,8.00
2009.01.02 07:23:20.081,1.48645,1.4872,2.80,8.00
2009.01.02 07:23:20.541,1.48645,1.4872,2.00,8.00
2009.01.02 07:23:20.831,1.48675,1.4872,1.00,8.00
2009.01.02 07:23:21.521,1.48655,1.4872,1.00,8.00
2009.01.02 07:23:21.751,1.4864,1.48705,8.00,2.40
2009.01.02 07:23:22.220,1.4861,1.48705,1.00,2.40
2009.01.02 07:23:22.850,1.48605,1.487,1.00,2.40
2009.01.02 07:23:23.370,1.486,1.48685,10.20,2.40
2009.01.02 07:23:29.459,1.4861,1.48685,2.40,2.40
2009.01.02 07:23:30.158,1.4862,1.48685,1.00,2.40
2009.01.02 07:23:32.418,1.48625,1.48685,1.00,2.40
2009.01.02 07:23:32.878,1.4863,1.48685,1.00,2.40
2009.01.02 07:23:33.638,1.4864,1.48685,1.00,2.40
2009.01.02 07:23:34.518,1.4863,1.48685,1.00,2.40
2009.01.02 07:23:34.977,1.48625,1.48685,1.00,2.40
2009.01.02 07:23:36.177,1.4862,1.48685,1.00,2.40
2009.01.02 07:23:36.287,1.48635,1.4869,2.60,2.40
2009.01.02 07:23:47.564,1.48655,1.48685,1.80,1.00
2009.01.02 07:23:47.914,1.48655,1.4871,2.60,4.80
2009.01.02 07:23:48.214,1.48665,1.4871,1.80,1.00
2009.01.02 07:23:51.024,1.48665,1.4871,1.80,2.40
2009.01.02 07:23:51.143,1.48665,1.48695,1.80,1.00
2009.01.02 07:23:51.484,1.4868,1.48695,1.00,1.00
2009.01.02 07:23:51.543,1.4868,1.4871,1.00,2.40
2009.01.02 07:23:54.803,1.48675,1.4872,2.60,2.40
2009.01.02 07:23:55.192,1.48675,1.4872,2.60,2.40
2009.01.02 07:23:57.662,1.48675,1.4873,2.60,3.80
2009.01.02 07:23:57.722,1.48675,1.4872,1.80,1.00
2009.01.02 07:23:58.632,1.48675,1.4873,1.80,2.40
2009.01.02 07:23:59.102,1.48675,1.4872,1.80,1.00
2009.01.02 07:24:00.081,1.48675,1.4873,1.80,2.40
2009.01.02 07:24:00.951,1.48675,1.4872,1.80,1.00
2009.01.02 07:24:01.421,1.48675,1.4873,1.80,2.40
2009.01.02 07:24:01.951,1.48675,1.4872,1.80,1.00
2009.01.02 07:24:02.351,1.48675,1.48745,1.80,18.40
2009.01.02 07:24:03.091,1.48675,1.48745,1.80,18.40
2009.01.02 07:24:03.501,1.48675,1.4874,1.80,18.40
2009.01.02 07:24:06.020,1.48675,1.4874,1.80,16.00
2009.01.02 07:24:09.479,1.48675,1.4874,4.00,16.00
2009.01.02 07:24:09.659,1.48675,1.4874,4.80,16.00
2009.01.02 07:24:11.169,1.4868,1.4874,3.00,16.00
2009.01.02 07:24:11.409,1.48685,1.4874,1.00,16.00
2009.01.02 07:24:11.889,1.48675,1.4874,4.80,16.00
2009.01.02 07:24:14.238,1.48675,1.4874,4.00,16.00
2009.01.02 07:24:17.677,1.48685,1.4874,1.00,16.00
2009.01.02 07:24:17.737,1.4868,1.4874,2.60,16.00
2009.01.02 07:24:18.198,1.48675,1.4874,4.00,16.00
2009.01.02 07:24:20.946,1.48675,1.4874,4.00,18.40
2009.01.02 07:24:21.356,1.48675,1.4874,1.80,18.40
2009.01.02 07:24:26.975,1.48675,1.4873,1.80,1.00
2009.01.02 07:24:28.704,1.48675,1.4874,1.80,18.40
2009.01.02 07:24:30.074,1.48675,1.4874,1.80,18.40
2009.01.02 07:24:31.534,1.48675,1.4874,1.80,18.40
2009.01.02 07:24:31.994,1.48675,1.4874,1.80,20.80
2009.01.02 07:24:33.153,1.48675,1.4874,1.80,20.80
2009.01.02 07:24:33.673,1.48675,1.4874,1.80,18.40
2009.01.02 07:24:36.962,1.4868,1.4874,1.80,18.40
2009.01.02 07:24:37.532,1.48675,1.4874,1.80,18.40
2009.01.02 07:24:42.461,1.48675,1.48725,1.80,2.40
2009.01.02 07:24:42.801,1.48675,1.48745,1.80,20.80
2009.01.02 07:24:44.431,1.48675,1.4874,1.80,18.40
2009.01.02 07:24:47.950,1.4868,1.4874,1.80,18.40
2009.01.02 07:24:49.190,1.48675,1.4874,1.80,18.40
2009.01.02 07:24:50.109,1.48675,1.4874,1.80,16.00
2009.01.02 07:24:50.529,1.48685,1.4874,1.00,16.00
2009.01.02 07:24:52.159,1.48675,1.4873,4.00,1.00
2009.01.02 07:24:52.609,1.48675,1.4872,4.00,2.40
2009.01.02 07:24:52.949,1.48675,1.4872,1.80,2.40
2009.01.02 07:24:55.048,1.4867,1.48715,1.80,2.40
2009.01.02 07:24:55.688,1.48675,1.4872,1.80,2.40
2009.01.02 07:24:57.198,1.4867,1.48715,1.80,2.40
2009.01.02 07:24:59.357,1.4867,1.48715,1.80,2.40
2009.01.02 07:25:01.357,1.4867,1.4871,1.80,1.40
2009.01.02 07:25:01.467,1.4866,1.4871,1.80,3.80
2009.01.02 07:25:01.637,1.4866,1.487,1.80,1.00
2009.01.02 07:25:02.176,1.48675,1.48705,1.00,2.40
2009.01.02 07:25:02.466,1.4866,1.487,1.80,1.00
2009.01.02 07:25:02.696,1.4867,1.48735,2.60,2.40
2009.01.02 07:25:02.976,1.4867,1.48745,2.60,4.80
2009.01.02 07:25:03.666,1.48675,1.4876,1.80,26.40
2009.01.02 07:25:04.126,1.48685,1.4875,1.00,24.00
2009.01.02 07:25:05.706,1.4868,1.4875,3.00,24.00
2009.01.02 07:25:05.996,1.48685,1.4875,1.00,24.00
2009.01.02 07:25:07.235,1.4869,1.4875,1.00,24.00
2009.01.02 07:25:09.935,1.48695,1.4875,1.00,24.00
2009.01.02 07:25:10.474,1.4869,1.4875,1.00,24.00
2009.01.02 07:25:10.684,1.487,1.4875,1.00,24.00
2009.01.02 07:25:19.472,1.48695,1.4875,1.00,24.00
2009.01.02 07:25:21.222,1.4869,1.4875,1.00,24.00
2009.01.02 07:25:28.400,1.4869,1.4875,1.00,24.00
2009.01.02 07:25:28.960,1.48675,1.4875,1.80,26.40
2009.01.02 07:25:29.260,1.48675,1.4874,2.40,1.00
2009.01.02 07:25:31.890,1.4869,1.4874,1.80,1.00
2009.01.02 07:26:05.961,1.48685,1.4873,1.00,2.40
2009.01.02 07:26:06.131,1.48675,1.48725,2.40,2.40
2009.01.02 07:26:06.311,1.48675,1.4873,2.40,2.40
2009.01.02 07:26:06.411,1.48685,1.4873,1.00,2.40
2009.01.02 07:26:17.348,1.48675,1.4873,1.00,2.40
2009.01.02 07:26:18.828,1.48675,1.48755,1.00,24.00
2009.01.02 07:26:19.288,1.48685,1.48755,1.00,24.00
2009.01.02 07:26:28.086,1.487,1.4875,1.00,24.00
2009.01.02 07:26:28.546,1.4871,1.4875,1.00,24.00
2009.01.02 07:26:32.295,1.4872,1.4875,1.00,24.00
2009.01.02 07:26:32.415,1.48725,1.4875,1.00,24.00
2009.01.02 07:26:32.525,1.48725,1.4876,1.00,24.00
2009.01.02 07:26:33.674,1.4872,1.4876,1.00,24.00
2009.01.02 07:26:38.133,1.4873,1.4875,1.00,24.00
2009.01.02 07:26:39.583,1.4873,1.4876,1.00,24.00
2009.01.02 07:26:40.163,1.4873,1.4875,1.00,24.00
2009.01.02 07:26:43.272,1.4873,1.4876,1.00,24.00
2009.01.02 07:26:43.952,1.48725,1.4876,1.00,24.00
2009.01.02 07:26:45.002,1.4873,1.4876,1.00,24.00
2009.01.02 07:26:45.971,1.4872,1.4875,1.00,24.00
2009.01.02 07:26:46.551,1.4871,1.4875,1.00,24.00
2009.01.02 07:26:48.691,1.487,1.4875,1.00,24.00
2009.01.02 07:26:49.111,1.48705,1.4875,1.00,24.00
2009.01.02 07:26:49.471,1.487,1.4875,1.00,24.00
2009.01.02 07:26:52.340,1.48695,1.4875,1.00,24.00
2009.01.02 07:26:54.769,1.487,1.4875,1.00,24.00
2009.01.02 07:26:55.129,1.48705,1.4875,1.00,24.00
2009.01.02 07:26:56.159,1.4871,1.4875,1.00,24.00
2009.01.02 07:26:59.908,1.4872,1.4879,1.00,2.40
2009.01.02 07:27:02.877,1.4872,1.4878,1.00,2.40
2009.01.02 07:27:03.157,1.4871,1.48765,9.40,2.40
2009.01.02 07:27:03.567,1.4871,1.48765,1.40,2.40
2009.01.02 07:27:04.377,1.48715,1.4876,1.00,2.40
2009.01.02 07:27:04.537,1.48715,1.4877,1.00,2.40
2009.01.02 07:27:05.447,1.48715,1.4877,1.40,2.40
2009.01.02 07:27:05.897,1.48715,1.48755,1.40,2.40
2009.01.02 07:27:06.066,1.4871,1.48755,1.00,2.40
2009.01.02 07:27:06.526,1.48725,1.48775,1.00,2.40
2009.01.02 07:27:07.497,1.4871,1.48775,1.40,2.40
2009.01.02 07:27:09.646,1.4871,1.4876,1.00,2.40
2009.01.02 07:27:10.166,1.4871,1.4876,1.40,2.40
2009.01.02 07:27:10.796,1.48715,1.4876,1.00,2.40
2009.01.02 07:27:11.255,1.48715,1.4876,1.40,2.40
2009.01.02 07:27:11.486,1.48715,1.4876,1.00,2.40
2009.01.02 07:27:14.025,1.48715,1.4875,1.00,2.40
2009.01.02 07:27:14.485,1.4871,1.4876,1.40,2.40
2009.01.02 07:27:15.394,1.48715,1.4876,1.00,2.40
2009.01.02 07:27:15.684,1.48715,1.4876,1.40,2.40
2009.01.02 07:27:17.064,1.4872,1.4877,1.00,2.40
2009.01.02 07:27:19.243,1.48715,1.4876,1.40,2.40
2009.01.02 07:27:22.972,1.48715,1.4876,1.00,2.40
2009.01.02 07:27:23.992,1.48725,1.4877,1.00,2.40
2009.01.02 07:27:24.572,1.4872,1.4877,1.00,2.40
2009.01.02 07:27:27.152,1.48715,1.4877,3.20,2.40
2009.01.02 07:27:27.661,1.48725,1.4877,1.00,2.40
2009.01.02 07:27:28.181,1.4872,1.4877,1.00,2.40
2009.01.02 07:27:28.871,1.48735,1.4878,1.00,2.40
2009.01.02 07:27:30.391,1.48735,1.4878,1.00,2.40
2009.01.02 07:27:30.751,1.4873,1.4878,1.00,2.40
2009.01.02 07:27:32.900,1.4873,1.4878,1.40,2.40
2009.01.02 07:27:34.100,1.4873,1.4877,1.40,2.40
2009.01.02 07:27:34.470,1.4873,1.4877,1.00,2.40
2009.01.02 07:27:34.699,1.48725,1.4877,1.00,2.40
2009.01.02 07:27:34.750,1.4873,1.4877,1.00,2.40
2009.01.02 07:27:35.230,1.48735,1.4877,1.00,2.40
2009.01.02 07:27:35.740,1.4873,1.4877,1.40,2.40
2009.01.02 07:27:36.199,1.4873,1.4877,1.00,2.40
2009.01.02 07:27:36.679,1.48735,1.4877,1.00,2.40
2009.01.02 07:27:37.079,1.48735,1.4878,1.00,2.40
2009.01.02 07:27:39.438,1.4873,1.4878,3.20,2.40
2009.01.02 07:27:39.949,1.4874,1.4878,1.00,2.40
2009.01.02 07:27:41.758,1.4873,1.4876,3.00,2.40
2009.01.02 07:27:42.178,1.4872,1.4876,1.00,2.40
2009.01.02 07:27:42.408,1.4872,1.4877,1.80,2.40
2009.01.02 07:27:42.948,1.48735,1.4877,1.00,2.40
2009.01.02 07:27:43.368,1.48735,1.48775,1.00,2.40
2009.01.02 07:27:44.057,1.4872,1.48775,1.80,2.40
2009.01.02 07:27:44.807,1.48715,1.4878,1.00,2.40
2009.01.02 07:27:45.157,1.48705,1.48775,1.00,2.40
2009.01.02 07:27:45.677,1.48705,1.4876,1.00,2.40
2009.01.02 07:27:46.247,1.487,1.4876,16.00,2.40
2009.01.02 07:27:48.086,1.487,1.4874,16.00,2.40
2009.01.02 07:27:49.066,1.487,1.48715,16.00,2.40
2009.01.02 07:27:49.236,1.4869,1.48715,48.00,2.40
2009.01.02 07:27:50.846,1.487,1.48715,16.00,2.40
2009.01.02 07:27:51.516,1.4862,1.48715,64.60,2.40
2009.01.02 07:27:51.745,1.4862,1.4872,1.00,2.40
2009.01.02 07:27:52.085,1.4863,1.4873,1.00,2.40
2009.01.02 07:27:53.775,1.48685,1.4872,16.00,2.40
2009.01.02 07:27:53.895,1.48675,1.4872,48.00,2.40
2009.01.02 07:28:00.883,1.487,1.4872,16.00,2.40
2009.01.02 07:28:07.631,1.4869,1.4872,48.00,2.40
2009.01.02 07:28:09.511,1.487,1.4872,16.00,2.40
2009.01.02 07:28:10.011,1.487,1.48725,16.00,2.40
2009.01.02 07:28:26.907,1.4869,1.48725,48.00,4.80
2009.01.02 07:28:27.927,1.487,1.48725,16.00,4.80
2009.01.02 07:28:28.157,1.487,1.48725,16.00,2.40
2009.01.02 07:28:28.847,1.487,1.4871,16.00,2.40
2009.01.02 07:28:33.965,1.4863,1.4871,64.60,2.40
2009.01.02 07:28:34.305,1.48625,1.4871,64.60,2.40
2009.01.02 07:28:34.825,1.48685,1.4871,16.00,2.40
2009.01.02 07:28:41.833,1.4863,1.4871,1.00,2.40
2009.01.02 07:28:42.353,1.4863,1.4871,3.20,2.40
2009.01.02 07:28:42.413,1.4864,1.4871,1.00,2.40
2009.01.02 07:28:57.110,1.4867,1.4871,2.40,2.40
2009.01.02 07:28:57.990,1.4867,1.4872,2.40,1.00
2009.01.02 07:28:58.169,1.4868,1.4873,1.00,2.40
2009.01.02 07:29:03.978,1.4868,1.4874,1.00,1.00
2009.01.02 07:29:04.908,1.48665,1.4874,1.00,1.00
2009.01.02 07:29:05.528,1.48665,1.4873,1.00,2.40
2009.01.02 07:29:05.758,1.48655,1.4873,1.00,2.40
2009.01.02 07:29:06.487,1.48675,1.4873,1.00,2.40
2009.01.02 07:29:07.198,1.4866,1.4873,1.00,2.40
2009.01.02 07:29:07.897,1.48655,1.4873,1.00,2.40
2009.01.02 07:29:10.956,1.4867,1.4873,1.00,2.40
2009.01.02 07:29:14.086,1.4867,1.4873,3.20,2.40
2009.01.02 07:29:14.365,1.4868,1.4873,1.00,2.40
2009.01.02 07:29:17.885,1.48675,1.4873,3.20,2.40
2009.01.02 07:29:18.875,1.48685,1.48745,1.00,2.40
2009.01.02 07:29:20.134,1.4868,1.48745,1.00,2.40
2009.01.02 07:29:22.864,1.48665,1.48745,1.00,2.40
2009.01.02 07:29:26.633,1.4867,1.48735,1.00,1.00
2009.01.02 07:29:27.332,1.48675,1.4873,1.00,2.40
2009.01.02 07:29:29.402,1.4868,1.4873,1.00,2.40
2009.01.02 07:29:30.652,1.48675,1.4873,1.00,2.40
2009.01.02 07:29:37.880,1.4865,1.4873,1.00,2.40
2009.01.02 07:29:38.350,1.4865,1.48715,1.00,2.40
2009.01.02 07:29:39.010,1.48655,1.48735,1.00,2.40
2009.01.02 07:29:46.908,1.48655,1.4872,1.40,1.00
2009.01.02 07:29:47.477,1.48655,1.4871,1.00,2.40
2009.01.02 07:29:52.486,1.48645,1.4871,3.20,2.40
2009.01.02 07:29:52.836,1.48655,1.4871,1.00,2.40
2009.01.02 07:29:53.066,1.48655,1.4871,1.40,2.40
2009.01.02 07:29:53.486,1.48655,1.4871,1.00,2.40
2009.01.02 07:29:53.936,1.4865,1.4871,3.20,2.40
2009.01.02 07:29:54.396,1.4866,1.4871,1.00,2.40
2009.01.02 07:30:01.034,1.4866,1.4871,1.00,1.00
2009.01.02 07:30:02.544,1.48675,1.4871,1.00,1.00
2009.01.02 07:30:02.664,1.48675,1.4871,2.40,2.40
2009.01.02 07:30:03.104,1.48625,1.48695,49.40,2.40
2009.01.02 07:30:03.694,1.48645,1.48715,1.00,2.40
2009.01.02 07:30:04.094,1.48655,1.48715,1.00,1.00
2009.01.02 07:30:05.013,1.4866,1.4871,1.00,1.00
2009.01.02 07:30:05.423,1.4866,1.4871,2.40,1.00
2009.01.02 07:30:06.273,1.4867,1.48735,1.00,2.40
2009.01.02 07:30:09.602,1.4867,1.4873,1.00,3.80
2009.01.02 07:30:10.232,1.4867,1.4873,1.00,4.80
2009.01.02 07:30:10.562,1.4867,1.4873,1.00,2.40
2009.01.02 07:30:17.140,1.4868,1.4873,4.80,2.40
2009.01.02 07:30:17.250,1.4869,1.48735,2.40,2.40
2009.01.02 07:30:17.360,1.4869,1.48735,1.80,2.40
2009.01.02 07:30:18.300,1.487,1.48735,2.20,2.40
2009.01.02 07:30:19.340,1.487,1.48735,1.60,2.40
2009.01.02 07:30:27.428,1.487,1.4875,1.60,1.00
2009.01.02 07:30:29.397,1.487,1.48745,1.60,2.40
2009.01.02 07:30:29.917,1.487,1.48745,2.40,2.40
2009.01.02 07:30:33.417,1.48705,1.4875,1.80,2.40
2009.01.02 07:30:33.767,1.4872,1.4875,1.00,2.40
2009.01.02 07:30:34.106,1.4873,1.48825,1.00,2.40
2009.01.02 07:30:37.865,1.48735,1.4881,1.00,2.40
2009.01.02 07:30:38.035,1.4872,1.4879,4.00,2.40
2009.01.02 07:30:38.395,1.4873,1.4879,1.00,2.40
2009.01.02 07:30:39.805,1.48725,1.4878,3.20,2.40
2009.01.02 07:30:40.415,1.48735,1.4878,1.00,2.40
2009.01.02 07:30:43.384,1.4874,1.48785,1.80,2.40
2009.01.02 07:30:43.434,1.48745,1.48785,1.00,2.40
2009.01.02 07:30:43.664,1.48745,1.48785,2.20,2.40
2009.01.02 07:30:43.724,1.4874,1.48785,2.40,2.40
2009.01.02 07:30:46.833,1.4874,1.48785,4.20,2.40
2009.01.02 07:30:57.011,1.4875,1.48785,2.20,2.40
2009.01.02 07:30:58.050,1.4876,1.48785,1.60,2.40
2009.01.02 07:30:58.170,1.48785,1.488,1.00,2.40
2009.01.02 07:30:58.860,1.4878,1.48785,1.50,2.40
2009.01.02 07:30:59.441,1.4876,1.48785,1.00,2.40
2009.01.02 07:31:01.120,1.4877,1.48785,2.40,2.40
2009.01.02 07:31:01.800,1.4878,1.4879,1.00,2.40
2009.01.02 07:31:13.147,1.48775,1.48795,3.20,2.40
2009.01.02 07:31:13.247,1.48785,1.48795,1.00,2.40
2009.01.02 07:31:13.767,1.48785,1.4879,1.00,2.40
2009.01.02 07:31:14.586,1.48785,1.48795,1.00,2.40
2009.01.02 07:31:24.094,1.4878,1.4879,1.00,2.40
2009.01.02 07:31:26.334,1.4878,1.488,1.00,2.40
2009.01.02 07:31:42.850,1.4878,1.48805,1.00,2.40
2009.01.02 07:31:46.989,1.4878,1.48815,1.00,2.40
2009.01.02 07:31:49.208,1.48775,1.48815,3.20,2.40
2009.01.02 07:31:49.958,1.48785,1.4882,2.20,2.40
2009.01.02 07:31:50.488,1.4879,1.4882,1.00,2.40
2009.01.02 07:31:51.158,1.48795,1.48825,2.20,2.40
2009.01.02 07:31:51.627,1.48795,1.48825,1.00,2.40
2009.01.02 07:31:52.188,1.48795,1.48815,1.00,2.40
2009.01.02 07:31:52.488,1.4878,1.48815,1.00,2.40
2009.01.02 07:31:54.397,1.4878,1.4881,1.00,2.40
2009.01.02 07:32:04.005,1.4878,1.488,1.00,2.40
2009.01.02 07:32:04.185,1.4877,1.488,3.80,2.40
2009.01.02 07:32:04.924,1.4877,1.488,2.40,2.40
2009.01.02 07:32:12.933,1.4877,1.48795,2.40,2.40
2009.01.02 07:32:13.212,1.4877,1.48795,1.60,2.40
2009.01.02 07:32:17.012,1.48765,1.48795,1.00,2.40
2009.01.02 07:32:29.759,1.4877,1.48795,1.60,2.40
2009.01.02 07:32:31.888,1.4877,1.488,1.60,2.40
2009.01.02 07:33:28.939,1.48748,1.48784,1.60,1.40
2009.01.02 07:33:40.708,1.48748,1.48798,1.60,2.40
2009.01.02 07:33:41.452,1.48755,1.48785,2.00,4.00
2009.01.02 07:33:44.511,1.48742,1.48767,2.00,4.00
2009.01.02 07:33:44.801,1.48732,1.48762,1.60,6.40
2009.01.02 07:33:45.840,1.48705,1.48805,1.60,6.40
2009.01.02 07:33:47.104,1.48736,1.48796,1.60,1.40
2009.01.02 07:33:57.378,1.48757,1.48787,1.60,1.40
2009.01.02 07:34:00.517,1.4877,1.48795,1.60,2.40
2009.01.02 07:34:01.226,1.487,1.48795,8.80,4.80
2009.01.02 07:34:01.456,1.48695,1.48795,1.00,4.80
2009.01.02 07:34:02.436,1.48705,1.4879,1.00,2.40
2009.01.02 07:34:02.536,1.4876,1.48785,1.80,2.40
2009.01.02 07:34:02.916,1.4876,1.4879,1.80,2.40
2009.01.02 07:34:03.136,1.48755,1.4879,2.20,2.40
2009.01.02 07:34:03.506,1.4874,1.4879,8.80,2.40
2009.01.02 07:34:03.806,1.4869,1.4879,9.40,2.40
2009.01.02 07:34:04.276,1.487,1.4879,1.00,2.40
2009.01.02 07:34:04.956,1.48725,1.48815,1.00,2.40
2009.01.02 07:34:05.375,1.48755,1.48815,2.20,2.40
2009.01.02 07:34:05.605,1.48755,1.48825,1.80,2.40
2009.01.02 07:35:12.459,1.48775,1.48825,1.80,2.40
2009.01.02 07:35:14.269,1.48775,1.48825,1.60,2.40
2009.01.02 07:35:14.789,1.4874,1.48825,1.60,4.80
2009.01.02 07:35:17.218,1.4875,1.4881,1.60,2.40
2009.01.02 07:35:17.278,1.4875,1.48795,1.60,4.80
2009.01.02 07:35:19.238,1.4875,1.4879,1.60,2.40
2009.01.02 07:35:24.066,1.4875,1.48785,1.60,2.40
2009.01.02 07:35:26.986,1.4869,1.4877,1.00,2.40
2009.01.02 07:35:27.386,1.4867,1.4877,1.00,2.40
2009.01.02 07:35:28.945,1.4869,1.48765,1.00,2.40
2009.01.02 07:35:34.124,1.48685,1.48765,1.00,2.40
2009.01.02 07:35:42.602,1.48685,1.48765,1.00,4.80
2009.01.02 07:35:43.902,1.48685,1.48765,2.40,4.80
2009.01.02 07:35:44.881,1.4869,1.48765,1.40,2.40
2009.01.02 07:35:49.340,1.48695,1.48765,2.40,2.40
2009.01.02 07:35:49.730,1.48705,1.48765,1.00,2.40
2009.01.02 07:35:53.819,1.487,1.48765,4.00,2.40
2009.01.02 07:35:54.059,1.4871,1.48765,1.00,2.40
2009.01.02 07:35:57.988,1.487,1.48765,3.60,2.40
2009.01.02 07:35:58.108,1.487,1.48765,6.20,2.40
2009.01.02 07:35:58.598,1.4871,1.4875,1.00,2.40
2009.01.02 07:35:59.018,1.48705,1.4877,4.80,2.40
2009.01.02 07:35:59.128,1.48705,1.4877,4.80,2.40
2009.01.02 07:36:02.677,1.48705,1.48765,2.60,2.40
2009.01.02 07:36:03.587,1.48705,1.48765,4.80,2.40
2009.01.02 07:36:09.376,1.487,1.48765,3.60,2.40
2009.01.02 07:36:10.235,1.4871,1.48765,2.40,2.40
2009.01.02 07:36:10.465,1.4872,1.48765,1.00,2.40
2009.01.02 07:36:16.614,1.48725,1.48765,1.00,2.40
2009.01.02 07:36:17.594,1.4872,1.48765,1.00,2.40
2009.01.02 07:36:28.151,1.4872,1.48765,1.00,2.40
2009.01.02 07:36:28.211,1.4872,1.4875,1.00,2.40
2009.01.02 07:36:30.180,1.48725,1.48745,1.00,2.40
2009.01.02 07:36:35.539,1.4873,1.48745,1.00,2.40
2009.01.02 07:36:36.829,1.48725,1.48745,1.00,2.40
2009.01.02 07:36:38.309,1.4872,1.48745,1.00,2.40
2009.01.02 07:36:40.898,1.48715,1.48745,3.20,2.40
2009.01.02 07:36:41.238,1.48725,1.48745,1.00,2.40
2009.01.02 07:36:42.158,1.4872,1.48745,1.00,2.40
2009.01.02 07:37:00.243,1.4872,1.48755,3.20,2.40
2009.01.02 07:37:00.714,1.4873,1.48755,1.00,2.40
2009.01.02 07:37:00.943,1.4869,1.48745,1.00,2.40
2009.01.02 07:37:01.223,1.48685,1.48745,1.00,2.40
2009.01.02 07:37:13.300,1.4869,1.48745,18.20,2.40
2009.01.02 07:37:13.360,1.48695,1.48745,1.00,2.40
2009.01.02 07:37:17.049,1.4869,1.48745,18.60,2.40
2009.01.02 07:37:17.629,1.487,1.48745,1.00,2.40
2009.01.02 07:37:20.998,1.4871,1.48745,1.00,2.40
2009.01.02 07:37:37.084,1.487,1.4873,1.00,2.40
2009.01.02 07:37:37.554,1.487,1.4874,1.00,1.00
2009.01.02 07:37:37.734,1.487,1.48755,1.00,2.40
2009.01.02 07:37:40.474,1.4869,1.48745,2.60,2.40
2009.01.02 07:37:41.054,1.487,1.48745,1.00,2.40
2009.01.02 07:37:41.353,1.48695,1.48745,1.00,2.40
2009.01.02 07:37:44.692,1.4869,1.48745,3.20,2.40
2009.01.02 07:37:44.863,1.4869,1.48745,3.20,2.40
2009.01.02 07:37:45.682,1.4869,1.48745,2.60,2.40
2009.01.02 07:37:46.362,1.487,1.48745,1.80,2.40
2009.01.02 07:37:48.202,1.487,1.48745,1.00,2.40
2009.01.02 07:37:48.252,1.4869,1.48745,3.20,2.40
2009.01.02 07:37:48.661,1.4869,1.48745,2.60,2.40
2009.01.02 07:37:57.070,1.4869,1.48735,1.80,2.40
2009.01.02 07:37:57.809,1.4869,1.48745,2.60,2.40
2009.01.02 07:38:00.379,1.487,1.48745,1.00,2.40
2009.01.02 07:38:00.669,1.487,1.48745,1.80,2.40
2009.01.02 07:38:03.968,1.487,1.48755,1.00,1.00
2009.01.02 07:38:04.078,1.487,1.48765,2.20,2.40
2009.01.02 07:38:04.198,1.487,1.48765,2.20,2.40
2009.01.02 07:38:04.888,1.487,1.4875,1.80,2.40
2009.01.02 07:38:05.538,1.487,1.4873,1.80,1.00
2009.01.02 07:38:06.047,1.48675,1.4873,1.80,2.40
2009.01.02 07:38:06.438,1.48695,1.4873,1.00,2.40
2009.01.02 07:38:08.007,1.487,1.4875,1.00,2.40
2009.01.02 07:38:08.487,1.487,1.4876,2.20,2.40
2009.01.02 07:38:12.426,1.487,1.48745,2.20,2.40
2009.01.02 07:38:13.385,1.487,1.48745,1.00,2.40
2009.01.02 07:38:16.095,1.487,1.48745,1.00,2.40
2009.01.02 07:38:16.375,1.487,1.48745,1.00,2.40
2009.01.02 07:38:17.165,1.48695,1.48745,2.60,2.40
2009.01.02 07:38:17.455,1.48695,1.4874,2.60,2.40
2009.01.02 07:38:18.165,1.487,1.48735,1.00,2.40
2009.01.02 07:38:18.675,1.48695,1.4874,2.60,2.40
2009.01.02 07:38:21.304,1.487,1.4874,1.00,2.40
2009.01.02 07:38:21.654,1.487,1.48745,1.00,2.40
2009.01.02 07:38:24.943,1.487,1.4875,1.00,1.00
2009.01.02 07:38:26.253,1.487,1.48745,1.00,2.40
2009.01.02 07:38:37.880,1.487,1.48745,1.00,2.40
2009.01.02 07:38:46.018,1.487,1.48735,1.00,2.40
2009.01.02 07:38:47.958,1.487,1.48745,1.00,2.40
2009.01.02 07:39:02.374,1.487,1.4874,1.00,2.40
2009.01.02 07:39:06.383,1.487,1.4874,1.00,2.40
2009.01.02 07:39:06.893,1.487,1.4873,1.00,2.40
2009.01.02 07:39:08.442,1.487,1.48735,1.00,2.40
2009.01.02 07:39:11.002,1.487,1.48745,1.00,2.40
2009.01.02 07:39:12.581,1.487,1.4873,1.00,2.40
2009.01.02 07:39:14.501,1.487,1.48735,1.00,2.40
2009.01.02 07:39:21.849,1.487,1.48725,1.00,2.40
2009.01.02 07:39:30.398,1.487,1.4872,1.00,2.40
2009.01.02 07:39:30.917,1.48665,1.4872,5.80,2.40
2009.01.02 07:39:31.437,1.4869,1.48725,1.00,2.40
2009.01.02 07:39:31.907,1.4869,1.4875,1.00,2.40
2009.01.02 07:39:32.197,1.4868,1.4875,1.60,2.40
2009.01.02 07:39:37.175,1.487,1.48755,2.20,2.40
2009.01.02 07:39:39.615,1.487,1.4874,2.20,2.40
2009.01.02 07:39:39.855,1.48685,1.4874,4.00,2.40
2009.01.02 07:39:41.334,1.4869,1.4873,2.40,2.40
2009.01.02 07:39:41.574,1.487,1.4873,1.00,2.40
2009.01.02 07:39:41.854,1.487,1.48745,1.00,2.40
2009.01.02 07:39:52.702,1.487,1.48735,1.00,2.40
2009.01.02 07:39:56.431,1.487,1.48745,1.00,2.40
2009.01.02 07:40:00.040,1.487,1.4874,1.00,2.40
2009.01.02 07:40:33.372,1.487,1.4873,1.00,2.40
2009.01.02 07:40:33.942,1.487,1.48725,1.00,2.40
2009.01.02 07:40:34.472,1.487,1.4872,1.00,2.40
2009.01.02 07:40:34.972,1.487,1.48725,1.00,2.40
2009.01.02 07:40:36.081,1.487,1.4872,1.00,2.40
2009.01.02 07:40:37.291,1.4869,1.48715,2.40,2.40
2009.01.02 07:40:37.531,1.487,1.4872,1.00,2.40
2009.01.02 07:40:38.971,1.487,1.48715,1.00,2.40
2009.01.02 07:40:39.151,1.487,1.4872,1.00,2.40
2009.01.02 07:40:44.419,1.487,1.48725,1.00,2.40
2009.01.02 07:40:46.349,1.487,1.4872,1.00,2.40
2009.01.02 07:40:50.008,1.487,1.4872,1.00,2.40
2009.01.02 07:40:50.468,1.487,1.48715,1.00,2.40
2009.01.02 07:40:52.788,1.487,1.4872,1.00,2.40
2009.01.02 07:40:54.887,1.487,1.48715,1.00,2.40
2009.01.02 07:40:56.726,1.487,1.4872,1.00,2.40
2009.01.02 07:40:59.116,1.487,1.48715,1.00,2.40
2009.01.02 07:41:01.126,1.48695,1.48705,1.00,1.00
2009.01.02 07:41:01.305,1.48695,1.48715,1.00,2.40
2009.01.02 07:41:01.835,1.4869,1.48715,3.20,2.40
2009.01.02 07:41:02.635,1.487,1.48715,1.00,2.40
2009.01.02 07:41:06.804,1.48695,1.487,1.00,2.40
2009.01.02 07:41:07.214,1.48635,1.48705,8.00,2.40
2009.01.02 07:41:07.844,1.48635,1.4871,8.00,4.80
2009.01.02 07:41:08.953,1.4865,1.4871,8.00,4.00
2009.01.02 07:41:09.933,1.4865,1.487,8.00,2.40
2009.01.02 07:41:16.212,1.4865,1.487,8.00,4.80
2009.01.02 07:41:17.022,1.4865,1.4869,8.00,2.40
2009.01.02 07:41:17.441,1.4865,1.4869,8.00,4.80
2009.01.02 07:41:18.471,1.4865,1.4869,8.00,2.40
2009.01.02 07:41:18.711,1.4865,1.487,8.00,4.80
2009.01.02 07:41:19.301,1.4865,1.4869,8.00,2.40
2009.01.02 07:41:19.471,1.4865,1.4869,8.00,4.80
2009.01.02 07:41:21.560,1.48605,1.48675,2.00,2.40
2009.01.02 07:41:21.850,1.486,1.4867,2.00,2.40
2009.01.02 07:41:22.320,1.486,1.48665,2.00,2.40
2009.01.02 07:41:22.660,1.48635,1.48665,8.00,2.40
2009.01.02 07:41:23.290,1.486,1.48665,2.00,2.40
2009.01.02 07:41:23.800,1.48605,1.48665,2.00,4.80
2009.01.02 07:41:24.819,1.48625,1.48665,2.40,4.80
2009.01.02 07:41:25.449,1.48625,1.48705,1.40,1.20
2009.01.02 07:41:25.730,1.48635,1.48715,1.00,1.20
2009.01.02 07:41:26.349,1.48645,1.48705,1.00,1.20
2009.01.02 07:41:28.249,1.48645,1.4869,1.00,1.20
2009.01.02 07:41:28.599,1.4864,1.4869,1.00,1.20
2009.01.02 07:41:29.129,1.4864,1.48695,1.00,1.20
2009.01.02 07:41:29.588,1.48635,1.48695,1.00,1.20
2009.01.02 07:41:30.228,1.48625,1.48685,1.00,1.20
2009.01.02 07:41:30.748,1.48615,1.48675,1.00,1.20
2009.01.02 07:41:31.258,1.48605,1.48675,1.00,1.20
2009.01.02 07:41:31.768,1.486,1.48675,1.00,1.20
2009.01.02 07:41:32.298,1.48595,1.4868,1.00,3.40
2009.01.02 07:41:32.708,1.48605,1.4868,1.00,1.20
2009.01.02 07:41:33.807,1.4861,1.4868,1.00,1.20
2009.01.02 07:41:34.307,1.48625,1.4868,1.00,1.20
2009.01.02 07:41:34.547,1.4864,1.4868,1.00,1.20
2009.01.02 07:41:35.077,1.48645,1.4868,1.00,1.20
2009.01.02 07:41:35.777,1.48645,1.48695,1.00,1.40
2009.01.02 07:41:35.937,1.48645,1.48695,1.00,1.20
2009.01.02 07:41:36.577,1.48645,1.48685,1.00,1.20
2009.01.02 07:41:37.186,1.4864,1.48685,1.00,1.20
2009.01.02 07:41:37.536,1.4863,1.48685,1.00,1.20
2009.01.02 07:41:39.546,1.4863,1.4869,1.00,1.20
2009.01.02 07:41:40.066,1.48635,1.48695,1.00,1.20
2009.01.02 07:41:41.336,1.4863,1.48695,1.00,1.20
2009.01.02 07:41:42.016,1.48595,1.48685,1.00,1.20
2009.01.02 07:41:42.255,1.486,1.48685,1.00,1.20
2009.01.02 07:41:42.955,1.486,1.48695,2.80,2.40
2009.01.02 07:41:43.296,1.48635,1.48695,8.80,2.40
2009.01.02 07:41:44.175,1.48635,1.4871,9.40,9.00
2009.01.02 07:41:44.475,1.4865,1.4871,1.00,9.00
2009.01.02 07:41:47.884,1.4866,1.4871,1.00,9.00
2009.01.02 07:41:48.284,1.48645,1.4871,9.40,9.00
2009.01.02 07:41:48.404,1.4864,1.4871,1.00,9.00
2009.01.02 07:41:48.804,1.48625,1.48705,8.00,2.40
2009.01.02 07:41:48.973,1.48615,1.48695,1.00,2.40
2009.01.02 07:41:50.593,1.48625,1.4871,1.00,10.40
2009.01.02 07:41:51.173,1.48625,1.48705,1.00,1.20
2009.01.02 07:41:51.923,1.48625,1.4871,1.00,10.40
2009.01.02 07:41:52.923,1.48625,1.4871,1.00,11.40
2009.01.02 07:41:54.552,1.48635,1.4871,1.00,8.00
2009.01.02 07:41:55.542,1.4863,1.4871,1.00,9.00
2009.01.02 07:41:57.451,1.4863,1.4871,1.00,8.00
2009.01.02 07:41:57.732,1.48645,1.4871,1.00,8.00
2009.01.02 07:41:58.311,1.4866,1.4871,1.00,8.00
2009.01.02 07:41:58.762,1.4866,1.4871,1.00,8.00
2009.01.02 07:42:01.710,1.48655,1.4871,1.00,8.00
2009.01.02 07:42:06.070,1.4865,1.4871,1.00,8.00
2009.01.02 07:42:07.889,1.4861,1.48705,1.00,2.40
2009.01.02 07:42:08.879,1.4861,1.48705,2.80,2.40
2009.01.02 07:42:10.098,1.4862,1.48705,1.00,2.40
2009.01.02 07:42:17.137,1.48585,1.48685,1.00,2.40
2009.01.02 07:42:17.907,1.48585,1.48685,1.00,4.80
2009.01.02 07:42:18.197,1.4859,1.48675,2.80,4.80
2009.01.02 07:42:18.826,1.4859,1.48675,3.60,4.80
2009.01.02 07:42:19.066,1.48595,1.48675,1.40,2.40
2009.01.02 07:42:19.347,1.48595,1.48675,2.00,4.80
2009.01.02 07:42:19.746,1.48595,1.48675,1.40,2.40
2009.01.02 07:42:22.436,1.48595,1.48675,2.80,4.80
2009.01.02 07:42:23.655,1.48595,1.4867,2.00,2.40
2009.01.02 07:42:24.345,1.4859,1.4866,2.00,2.40
2009.01.02 07:42:24.505,1.4859,1.4867,2.00,2.40
2009.01.02 07:42:25.625,1.4859,1.48665,2.00,2.40
2009.01.02 07:42:26.025,1.4859,1.4867,2.00,2.40
2009.01.02 07:42:34.383,1.48595,1.48675,2.80,2.40
2009.01.02 07:42:34.862,1.48595,1.48675,2.00,4.80
2009.01.02 07:42:35.702,1.4859,1.48665,2.00,2.40
2009.01.02 07:42:35.933,1.4859,1.4867,2.00,2.40
2009.01.02 07:42:40.541,1.48605,1.48675,2.40,2.40
2009.01.02 07:42:40.771,1.4861,1.48675,2.00,2.40
2009.01.02 07:42:40.931,1.48605,1.48675,2.40,2.40
2009.01.02 07:42:41.771,1.4861,1.48675,2.00,2.40
2009.01.02 07:42:45.930,1.48605,1.48675,6.40,2.40
2009.01.02 07:42:48.649,1.4861,1.48675,2.00,2.40
2009.01.02 07:42:53.298,1.48605,1.48675,6.40,2.40
2009.01.02 07:43:40.867,1.48605,1.48675,8.60,2.40
2009.01.02 07:43:41.367,1.48605,1.48675,7.80,2.40
2009.01.02 07:43:42.146,1.48605,1.48675,5.80,2.40
2009.01.02 07:43:47.125,1.48605,1.48675,7.80,2.40
2009.01.02 07:43:54.893,1.4861,1.48675,2.00,2.40
2009.01.02 07:43:57.993,1.48605,1.48675,7.80,2.40
2009.01.02 07:43:58.172,1.4861,1.48675,2.00,2.40
2009.01.02 07:44:00.512,1.48605,1.48675,7.80,2.40
2009.01.02 07:44:02.351,1.4862,1.4868,1.80,2.40
2009.01.02 07:44:02.942,1.48625,1.4868,1.60,2.40
2009.01.02 07:44:19.187,1.48645,1.48685,1.60,2.40
2009.01.02 07:44:19.667,1.48645,1.48685,2.40,2.40
2009.01.02 07:44:23.107,1.4866,1.4869,2.20,1.40
2009.01.02 07:44:23.217,1.4866,1.48715,2.20,2.40
2009.01.02 07:44:23.387,1.4866,1.48715,2.20,1.00
2009.01.02 07:44:23.856,1.4866,1.48735,2.20,2.40
2009.01.02 07:44:24.266,1.48655,1.48745,1.00,2.40
2009.01.02 07:44:24.906,1.4866,1.48745,3.00,5.80
2009.01.02 07:44:27.995,1.4866,1.4874,3.00,2.40
2009.01.02 07:44:28.355,1.4866,1.48745,3.00,5.80
2009.01.02 07:44:32.065,1.4866,1.4871,2.20,2.40
2009.01.02 07:44:33.284,1.48645,1.4871,3.40,2.40
2009.01.02 07:44:59.208,1.48655,1.48695,1.00,2.40
2009.01.02 07:45:00.178,1.4865,1.48695,3.20,2.40
2009.01.02 07:45:00.687,1.4866,1.48695,1.00,2.40
2009.01.02 07:45:00.907,1.48645,1.48695,3.40,2.40
2009.01.02 07:45:07.995,1.48655,1.48695,2.20,2.40
2009.01.02 07:45:15.964,1.48655,1.48695,1.00,2.40
2009.01.02 07:46:03.133,1.48645,1.48695,3.40,2.40
2009.01.02 07:46:08.362,1.48655,1.48695,1.60,2.40
2009.01.02 07:46:52.901,1.48655,1.48695,3.80,2.40
2009.01.02 07:47:31.612,1.48655,1.48675,3.80,1.40
2009.01.02 07:47:31.791,1.4866,1.48675,2.20,1.40
2009.01.02 07:47:32.191,1.4865,1.48665,1.80,1.00
2009.01.02 07:47:32.871,1.4865,1.48685,1.00,2.40
2009.01.02 07:47:33.051,1.4865,1.4867,1.00,2.40
2009.01.02 07:47:35.521,1.4861,1.48645,1.60,2.40
2009.01.02 07:47:35.861,1.4859,1.48675,2.20,2.40
2009.01.02 07:47:36.860,1.486,1.4862,2.20,2.40
2009.01.02 07:47:37.420,1.48575,1.4862,2.20,2.40
2009.01.02 07:47:37.650,1.48565,1.4862,1.60,2.40
2009.01.02 07:47:42.199,1.4857,1.4859,1.60,1.40
2009.01.02 07:47:42.309,1.4856,1.4858,1.80,1.00
2009.01.02 07:47:42.429,1.48565,1.4857,1.60,2.40
2009.01.02 07:47:43.109,1.4852,1.4857,4.80,2.40
2009.01.02 07:47:43.698,1.48455,1.48565,2.80,2.40
2009.01.02 07:47:44.858,1.48475,1.48565,1.00,2.40
2009.01.02 07:47:45.368,1.48475,1.48565,2.00,2.40
2009.01.02 07:47:51.807,1.48475,1.48565,2.80,2.40
2009.01.02 07:47:52.826,1.4848,1.4859,2.00,2.40
2009.01.02 07:47:53.686,1.48495,1.48605,1.00,1.20
2009.01.02 07:47:53.916,1.485,1.486,9.40,1.20
2009.01.02 07:47:55.946,1.48505,1.48585,9.40,1.00
2009.01.02 07:47:56.326,1.48505,1.48575,8.00,1.40
2009.01.02 07:47:56.495,1.485,1.4857,2.00,2.40
2009.01.02 07:47:56.975,1.48475,1.4857,2.20,2.40
2009.01.02 07:48:06.343,1.4848,1.4857,1.00,2.40
2009.01.02 07:48:06.833,1.48485,1.4857,1.00,2.40
2009.01.02 07:48:07.013,1.48495,1.4858,4.40,2.40
2009.01.02 07:48:07.703,1.485,1.4858,2.20,2.40
2009.01.02 07:48:08.233,1.48475,1.4853,2.00,1.00
2009.01.02 07:48:08.652,1.48465,1.48505,2.00,1.00
2009.01.02 07:48:08.822,1.4847,1.4851,2.00,2.40
2009.01.02 07:48:09.333,1.4848,1.4849,2.00,2.40
2009.01.02 07:48:10.212,1.4848,1.48505,2.00,10.40
2009.01.02 07:48:10.372,1.4848,1.48515,2.00,2.40
2009.01.02 07:48:13.521,1.48465,1.48515,2.00,2.40
2009.01.02 07:48:14.351,1.4845,1.48515,8.00,2.40
2009.01.02 07:48:15.211,1.48465,1.48515,2.00,2.40
2009.01.02 07:48:15.741,1.4846,1.48515,2.00,2.40
2009.01.02 07:48:15.851,1.4845,1.48515,8.00,2.40
2009.01.02 07:48:21.029,1.4845,1.48515,8.00,2.40
2009.01.02 07:48:29.248,1.4845,1.48515,8.00,3.80
2009.01.02 07:48:29.638,1.4845,1.4851,8.00,2.40
2009.01.02 07:48:29.987,1.4845,1.48515,8.00,2.40
2009.01.02 07:48:31.657,1.4845,1.4851,8.00,2.40
2009.01.02 07:48:31.957,1.4845,1.48515,8.00,2.40
2009.01.02 07:48:34.006,1.4845,1.4851,8.00,1.20
2009.01.02 07:48:43.834,1.4845,1.48515,8.00,1.20
2009.01.02 07:48:52.282,1.4845,1.4852,8.00,1.20
2009.01.02 07:48:54.501,1.4845,1.48525,8.00,1.20
2009.01.02 07:48:56.191,1.4845,1.48495,8.00,1.40
2009.01.02 07:48:56.251,1.4845,1.4849,8.00,1.00
2009.01.02 07:48:56.611,1.48425,1.48475,2.20,2.40
2009.01.02 07:48:58.341,1.4843,1.4847,2.20,2.40
2009.01.02 07:48:58.511,1.4843,1.48505,2.20,2.40
2009.01.02 07:49:01.280,1.48455,1.4849,4.00,1.00
2009.01.02 07:49:01.520,1.48465,1.4849,1.80,1.00
2009.01.02 07:49:01.730,1.485,1.4853,2.20,16.00
2009.01.02 07:49:02.360,1.48435,1.48505,4.80,2.40
2009.01.02 07:49:02.749,1.48435,1.48505,4.80,2.40
2009.01.02 07:49:03.149,1.48455,1.4853,1.80,18.40
2009.01.02 07:49:03.439,1.4847,1.4853,1.80,2.40
2009.01.02 07:49:03.899,1.4847,1.48515,2.20,2.40
2009.01.02 07:49:04.419,1.4847,1.48545,2.20,2.40
2009.01.02 07:49:04.529,1.4847,1.48555,2.20,3.40
2009.01.02 07:49:05.039,1.4846,1.48545,1.60,1.20
2009.01.02 07:49:05.269,1.4846,1.48555,1.60,3.40
2009.01.02 07:49:05.509,1.4846,1.48545,3.80,3.40
2009.01.02 07:49:06.039,1.4847,1.48545,2.20,3.40
2009.01.02 07:49:07.078,1.4847,1.48545,2.20,2.40
2009.01.02 07:49:07.308,1.48485,1.48545,1.60,2.40
2009.01.02 07:49:07.658,1.48505,1.48545,2.20,2.40
2009.01.02 07:49:08.928,1.48485,1.48545,1.60,2.40
2009.01.02 07:49:09.158,1.48485,1.48525,1.60,1.40
2009.01.02 07:49:09.688,1.4847,1.48505,1.60,2.40
2009.01.02 07:49:09.978,1.48495,1.4853,2.40,1.20
2009.01.02 07:49:10.378,1.48505,1.48555,1.00,12.80
2009.01.02 07:49:10.718,1.48505,1.48555,1.00,2.40
2009.01.02 07:49:11.128,1.485,1.48555,2.20,2.40
2009.01.02 07:49:12.917,1.48475,1.48545,2.20,3.40
2009.01.02 07:49:13.297,1.48475,1.4853,2.20,1.00
2009.01.02 07:49:13.657,1.4844,1.48515,16.00,5.80
2009.01.02 07:49:14.507,1.4844,1.485,16.00,2.40
2009.01.02 07:49:14.966,1.4845,1.485,16.00,3.40
2009.01.02 07:49:15.136,1.4845,1.485,16.00,3.40
2009.01.02 07:49:15.466,1.4845,1.485,16.00,5.80
2009.01.02 07:49:16.386,1.4845,1.485,16.00,2.40
2009.01.02 07:49:16.676,1.4845,1.48505,16.00,2.40
2009.01.02 07:49:18.626,1.4845,1.48505,16.00,3.40
2009.01.02 07:49:18.896,1.4845,1.485,16.00,2.40
2009.01.02 07:49:19.245,1.48465,1.485,1.80,2.40
2009.01.02 07:49:19.356,1.48465,1.48505,1.80,1.00
2009.01.02 07:49:19.975,1.4843,1.485,4.80,3.40
2009.01.02 07:49:20.215,1.4842,1.485,2.20,5.80
2009.01.02 07:49:21.195,1.48455,1.485,1.80,3.40
2009.01.02 07:49:21.535,1.48455,1.48495,1.80,1.00
2009.01.02 07:49:22.375,1.48455,1.48495,1.80,1.40
2009.01.02 07:49:22.595,1.48445,1.4851,1.00,1.20
2009.01.02 07:49:23.215,1.48425,1.4851,2.20,1.20
2009.01.02 07:49:24.304,1.48425,1.4849,3.00,2.40
2009.01.02 07:49:24.474,1.4843,1.4849,2.20,2.40
2009.01.02 07:49:25.244,1.48405,1.48475,2.20,2.40
2009.01.02 07:49:25.944,1.4839,1.48465,3.40,2.40
2009.01.02 07:49:26.534,1.48425,1.4848,1.60,2.40
2009.01.02 07:49:27.034,1.48395,1.48465,2.20,2.40
2009.01.02 07:49:27.553,1.48435,1.48465,2.20,2.40
2009.01.02 07:49:27.723,1.4841,1.48465,8.80,2.40
2009.01.02 07:49:28.073,1.4841,1.48455,8.60,2.40
2009.01.02 07:49:28.253,1.48395,1.48455,2.20,2.40
2009.01.02 07:49:28.833,1.48395,1.4849,2.20,2.40
2009.01.02 07:49:29.063,1.48435,1.48495,1.80,1.00
2009.01.02 07:49:29.303,1.4846,1.485,2.20,2.40
2009.01.02 07:49:29.634,1.48465,1.4852,1.80,16.00
2009.01.02 07:49:29.693,1.4849,1.4851,1.00,16.00
2009.01.02 07:49:29.983,1.4849,1.48515,1.00,1.20
2009.01.02 07:49:30.733,1.48465,1.48515,1.80,1.20
2009.01.02 07:49:31.183,1.4844,1.48515,4.80,1.00
2009.01.02 07:49:31.473,1.48475,1.4852,1.80,2.40
2009.01.02 07:49:31.942,1.48475,1.4853,1.80,1.20
2009.01.02 07:49:32.642,1.48445,1.4852,8.00,1.20
2009.01.02 07:49:32.922,1.48415,1.4852,2.80,1.40
2009.01.02 07:49:33.322,1.48415,1.48505,9.40,1.20
2009.01.02 07:49:33.562,1.484,1.48505,2.00,1.20
2009.01.02 07:49:34.152,1.4845,1.4851,1.80,2.40
2009.01.02 07:49:34.792,1.4845,1.4851,1.80,2.40
2009.01.02 07:49:34.912,1.48445,1.4851,2.20,2.40
2009.01.02 07:49:35.371,1.48405,1.48505,1.00,1.00
2009.01.02 07:49:35.592,1.48395,1.48505,2.00,1.00
2009.01.02 07:49:36.331,1.48415,1.4851,2.00,4.80
2009.01.02 07:49:36.771,1.4846,1.4851,1.80,2.40
2009.01.02 07:49:36.951,1.4846,1.48505,1.80,1.00
2009.01.02 07:49:38.751,1.48485,1.48505,1.60,1.00
2009.01.02 07:49:40.360,1.48485,1.48495,1.60,1.00
2009.01.02 07:49:40.920,1.4843,1.4849,8.00,2.40
2009.01.02 07:49:41.150,1.484,1.4848,1.00,2.40
2009.01.02 07:49:42.010,1.4842,1.4848,2.60,2.40
2009.01.02 07:49:44.509,1.4843,1.4849,2.60,2.40
2009.01.02 07:49:44.969,1.4843,1.4848,2.20,2.40
2009.01.02 07:49:45.299,1.4842,1.48485,2.40,1.00
2009.01.02 07:49:45.819,1.48435,1.485,1.00,2.40
2009.01.02 07:49:46.950,1.4845,1.485,2.40,2.40
2009.01.02 07:49:47.349,1.4846,1.4854,1.00,24.00
2009.01.02 07:49:47.799,1.48455,1.4854,2.20,25.00
2009.01.02 07:49:47.909,1.4846,1.4853,2.20,1.00
2009.01.02 07:49:48.268,1.4845,1.4852,1.00,2.40
2009.01.02 07:49:48.938,1.4845,1.48485,2.20,2.40
2009.01.02 07:49:49.218,1.48415,1.48485,5.80,2.40
2009.01.02 07:49:49.628,1.48415,1.48485,1.60,2.40
2009.01.02 07:49:49.848,1.4841,1.48485,10.20,2.40
2009.01.02 07:49:51.198,1.4842,1.48455,10.20,2.40
2009.01.02 07:49:51.888,1.4842,1.4847,10.20,2.40
2009.01.02 07:49:52.357,1.48435,1.4847,2.40,2.40
2009.01.02 07:49:52.567,1.48445,1.48525,1.00,2.40
2009.01.02 07:49:56.276,1.48455,1.4851,1.80,2.40
2009.01.02 07:49:56.396,1.48455,1.4851,2.60,2.40
2009.01.02 07:49:57.266,1.48465,1.4851,1.80,2.40
2009.01.02 07:49:58.466,1.48475,1.4852,1.80,10.40
2009.01.02 07:49:59.376,1.4847,1.4852,2.20,10.40
2009.01.02 07:49:59.656,1.4848,1.4852,1.80,8.00
2009.01.02 07:50:00.056,1.4848,1.48525,1.80,2.40
2009.01.02 07:50:02.785,1.48485,1.4853,1.80,2.40
2009.01.02 07:50:03.255,1.4849,1.4854,1.80,2.40
2009.01.02 07:50:03.896,1.48485,1.48535,4.00,2.40
2009.01.02 07:50:05.184,1.4849,1.48525,2.20,2.40
2009.01.02 07:50:05.884,1.485,1.48525,1.00,2.40
2009.01.02 07:50:07.614,1.485,1.48535,1.00,2.40
2009.01.02 07:50:07.784,1.4849,1.4854,1.80,2.40
2009.01.02 07:50:08.763,1.48495,1.4853,1.00,2.40
2009.01.02 07:50:09.293,1.4848,1.4853,2.20,2.40
2009.01.02 07:50:09.933,1.4848,1.48545,2.20,2.40
2009.01.02 07:50:10.984,1.4848,1.48545,2.20,3.40
2009.01.02 07:50:11.263,1.48445,1.48545,1.00,3.40
2009.01.02 07:50:11.893,1.4844,1.48545,18.00,3.40
2009.01.02 07:50:12.393,1.4845,1.48545,18.00,2.60
2009.01.02 07:50:13.443,1.4845,1.48545,18.00,3.40
2009.01.02 07:50:14.952,1.48455,1.48545,2.00,3.40
2009.01.02 07:50:15.343,1.4846,1.48545,2.00,2.40
2009.01.02 07:50:15.762,1.4846,1.48525,2.00,2.40
2009.01.02 07:50:16.521,1.4845,1.48525,16.00,2.40
2009.01.02 07:50:17.031,1.48465,1.48525,1.80,2.40
2009.01.02 07:50:17.831,1.48465,1.48525,1.80,2.40
2009.01.02 07:50:18.121,1.4847,1.4852,1.80,2.40
2009.01.02 07:50:18.681,1.48465,1.48515,2.00,2.40
2009.01.02 07:50:20.131,1.4846,1.48515,1.60,2.40
2009.01.02 07:50:20.701,1.48475,1.48515,2.40,2.40
2009.01.02 07:50:20.931,1.48485,1.48515,1.00,2.40
2009.01.02 07:50:21.220,1.48485,1.48525,1.00,2.40
2009.01.02 07:50:21.500,1.4845,1.48515,3.20,2.40
2009.01.02 07:50:25.510,1.4846,1.48515,5.60,2.40
2009.01.02 07:50:26.309,1.4847,1.48515,1.00,2.40
2009.01.02 07:50:28.009,1.4846,1.48515,3.20,2.40
2009.01.02 07:50:28.979,1.4846,1.48515,5.20,2.40
2009.01.02 07:50:32.688,1.48515,1.4852,1.00,3.60
2009.01.02 07:50:33.088,1.48495,1.48555,1.00,2.40
2009.01.02 07:50:33.258,1.4844,1.48555,2.00,2.40
2009.01.02 07:50:33.837,1.4844,1.48525,2.00,1.40
2009.01.02 07:50:34.238,1.4842,1.4852,2.80,2.40
2009.01.02 07:50:34.757,1.4845,1.48495,2.00,2.40
2009.01.02 07:50:35.347,1.4843,1.48495,2.20,2.40
2009.01.02 07:50:37.916,1.48445,1.4849,1.80,2.40
2009.01.02 07:50:40.866,1.4844,1.48485,1.80,2.40
2009.01.02 07:50:41.046,1.48425,1.48475,5.80,2.40
2009.01.02 07:50:47.714,1.4843,1.48485,1.80,2.40
2009.01.02 07:50:47.954,1.4845,1.48485,1.60,2.40
2009.01.02 07:50:48.524,1.4842,1.48485,2.60,2.40
2009.01.02 07:50:49.314,1.48425,1.4852,2.80,2.40
2009.01.02 07:50:50.613,1.4845,1.4851,2.00,2.40
2009.01.02 07:50:50.783,1.4847,1.48505,1.80,1.00
2009.01.02 07:50:51.523,1.48465,1.4851,1.00,2.40
2009.01.02 07:50:51.883,1.4846,1.4851,1.60,4.00
2009.01.02 07:50:52.063,1.4846,1.48495,1.60,2.40
2009.01.02 07:50:52.763,1.4846,1.48485,1.60,2.40
2009.01.02 07:50:53.973,1.4846,1.48495,3.40,1.00
2009.01.02 07:50:55.062,1.4846,1.48485,1.60,2.40
2009.01.02 07:50:58.771,1.4845,1.48485,1.60,2.40
2009.01.02 07:50:59.581,1.4846,1.48485,1.60,2.40
2009.01.02 07:51:03.470,1.4846,1.48495,1.60,2.40
2009.01.02 07:51:05.700,1.4846,1.48505,3.40,2.40
2009.01.02 07:51:06.320,1.48485,1.4855,2.20,1.60
2009.01.02 07:51:06.559,1.48475,1.48555,1.60,2.40
2009.01.02 07:51:09.609,1.48505,1.48555,1.80,2.40
2009.01.02 07:51:10.009,1.4852,1.48555,1.60,2.40
2009.01.02 07:51:10.349,1.4852,1.48555,1.60,2.40
2009.01.02 07:51:10.588,1.48505,1.48555,1.80,2.40
2009.01.02 07:51:10.699,1.485,1.4851,2.20,2.40
2009.01.02 07:51:10.928,1.4849,1.4851,3.20,2.40
2009.01.02 07:51:11.139,1.48485,1.4851,8.80,2.40
2009.01.02 07:51:11.658,1.4845,1.4851,2.00,2.40
2009.01.02 07:51:11.828,1.4846,1.48495,2.00,2.40
2009.01.02 07:51:11.998,1.4846,1.48535,2.00,2.40
2009.01.02 07:51:12.178,1.4846,1.4855,2.00,7.20
2009.01.02 07:51:12.358,1.48445,1.4855,2.00,4.80
2009.01.02 07:51:13.228,1.4847,1.4854,2.00,4.80
2009.01.02 07:51:13.498,1.4849,1.4855,1.80,4.80
2009.01.02 07:51:13.888,1.4847,1.48545,1.00,2.40
2009.01.02 07:51:14.298,1.4845,1.48545,2.00,2.40
2009.01.02 07:51:17.837,1.48455,1.48545,2.00,2.40
2009.01.02 07:51:18.337,1.48455,1.48545,2.00,4.80
2009.01.02 07:51:18.957,1.4847,1.48545,2.00,2.40
2009.01.02 07:51:20.906,1.4848,1.48545,1.60,2.40
2009.01.02 07:51:21.076,1.48495,1.4855,1.80,2.40
2009.01.02 07:51:21.976,1.48495,1.48525,2.20,2.40
2009.01.02 07:51:22.246,1.4849,1.48525,1.00,2.40
2009.01.02 07:51:23.126,1.48485,1.4855,4.80,3.20
2009.01.02 07:51:25.495,1.4849,1.4854,1.00,3.20
2009.01.02 07:51:25.965,1.48455,1.4854,2.00,3.20
2009.01.02 07:51:26.715,1.48445,1.4854,2.00,3.20
2009.01.02 07:51:28.095,1.4847,1.4854,2.00,3.20
2009.01.02 07:51:28.554,1.48475,1.4854,4.00,3.20
2009.01.02 07:51:30.144,1.4849,1.4851,2.20,2.40
2009.01.02 07:51:30.604,1.4845,1.4851,12.40,2.40
2009.01.02 07:51:30.664,1.4845,1.4851,4.40,2.40
2009.01.02 07:51:30.714,1.4845,1.4851,3.60,2.40
2009.01.02 07:51:31.924,1.48475,1.48535,2.00,1.00
2009.01.02 07:51:32.103,1.48475,1.48545,4.00,2.40
2009.01.02 07:51:32.274,1.48475,1.4855,4.00,15.20
2009.01.02 07:51:32.704,1.48475,1.4855,4.00,4.80
2009.01.02 07:51:33.183,1.48475,1.4855,6.20,4.80
2009.01.02 07:51:33.793,1.48475,1.4854,2.00,4.80
2009.01.02 07:51:34.433,1.4846,1.4854,1.60,4.80
2009.01.02 07:51:37.272,1.4846,1.4851,1.60,2.40
2009.01.02 07:51:38.032,1.4846,1.4852,1.60,2.40
2009.01.02 07:51:39.132,1.4846,1.4852,1.60,3.40
2009.01.02 07:51:39.772,1.4846,1.4851,1.60,1.00
2009.01.02 07:51:40.242,1.4846,1.4855,1.60,7.20
2009.01.02 07:51:40.462,1.4846,1.4855,1.60,7.20
2009.01.02 07:51:40.911,1.4846,1.4855,1.60,4.80
2009.01.02 07:51:43.331,1.4846,1.4854,1.60,6.20
2009.01.02 07:51:43.451,1.4846,1.4853,1.60,2.40
2009.01.02 07:51:44.670,1.4846,1.4854,1.60,9.60
2009.01.02 07:51:45.020,1.4846,1.4854,1.60,4.80
2009.01.02 07:51:45.130,1.4846,1.4854,1.60,4.80
2009.01.02 07:51:46.340,1.48495,1.4855,1.80,1.00
2009.01.02 07:51:46.630,1.48495,1.4856,1.80,3.80
2009.01.02 07:51:47.040,1.48495,1.48525,1.80,1.00
2009.01.02 07:51:47.790,1.48435,1.4852,1.80,2.40
2009.01.02 07:51:48.190,1.48435,1.48535,1.80,2.40
2009.01.02 07:51:51.019,1.4845,1.4852,1.80,1.00
2009.01.02 07:51:51.360,1.4846,1.48525,2.40,1.00
2009.01.02 07:51:51.579,1.4847,1.4854,1.00,2.40
2009.01.02 07:51:51.989,1.4847,1.48535,1.00,1.00
2009.01.02 07:51:56.438,1.4847,1.48535,1.00,1.00
2009.01.02 07:51:56.828,1.4847,1.48535,2.00,1.00
2009.01.02 07:51:57.248,1.4847,1.48535,4.60,1.00
2009.01.02 07:51:58.097,1.4848,1.48545,1.80,2.40
2009.01.02 07:51:58.568,1.4847,1.48535,1.00,1.00
2009.01.02 07:51:59.207,1.4847,1.48535,2.40,1.00
2009.01.02 07:51:59.667,1.48485,1.4854,1.80,1.00
2009.01.02 07:52:00.477,1.48485,1.48525,1.80,1.00
2009.01.02 07:52:00.816,1.48495,1.48515,1.80,1.00
2009.01.02 07:52:01.696,1.4848,1.4855,2.60,4.00
2009.01.02 07:52:02.277,1.4848,1.4855,2.60,1.60
2009.01.02 07:52:02.916,1.4848,1.4854,5.00,1.60
2009.01.02 07:52:03.268,1.4849,1.4854,1.00,1.60
2009.01.02 07:52:05.325,1.4849,1.4854,2.60,1.60
2009.01.02 07:52:06.525,1.48495,1.4854,1.80,1.60
2009.01.02 07:52:07.215,1.48495,1.48525,1.00,2.40
2009.01.02 07:52:07.385,1.48495,1.48525,1.00,2.40
2009.01.02 07:52:07.675,1.48485,1.48525,2.40,2.40
2009.01.02 07:52:07.785,1.4849,1.4853,1.80,1.60
2009.01.02 07:52:07.955,1.4849,1.48545,1.80,4.80
2009.01.02 07:52:08.525,1.485,1.4854,1.00,4.80
2009.01.02 07:52:08.985,1.4849,1.4854,2.60,4.80
2009.01.02 07:52:10.164,1.48535,1.48585,1.00,1.40
2009.01.02 07:52:10.274,1.48535,1.48585,1.00,3.80
2009.01.02 07:52:10.694,1.48535,1.4857,1.00,1.40
2009.01.02 07:52:11.094,1.485,1.48565,1.60,2.40
2009.01.02 07:52:11.604,1.48475,1.4853,2.40,2.40
2009.01.02 07:52:12.174,1.48475,1.4853,1.00,2.40
2009.01.02 07:52:12.814,1.4849,1.4856,1.80,2.40
2009.01.02 07:52:14.103,1.485,1.4855,1.00,2.40
2009.01.02 07:52:14.393,1.4851,1.4855,1.80,1.00
2009.01.02 07:52:14.913,1.48485,1.4855,1.80,2.40
2009.01.02 07:52:18.052,1.48495,1.4855,1.80,2.40
2009.01.02 07:52:18.692,1.4849,1.4853,2.20,2.40
2009.01.02 07:52:19.152,1.48485,1.4853,1.00,2.40
2009.01.02 07:52:19.662,1.48475,1.4853,1.80,3.80
2009.01.02 07:52:20.072,1.4848,1.4852,2.60,1.40
2009.01.02 07:52:20.822,1.48475,1.4851,1.80,1.00
2009.01.02 07:52:21.112,1.4848,1.4855,2.60,6.40
2009.01.02 07:52:21.511,1.48495,1.4855,1.80,6.40
2009.01.02 07:52:21.731,1.48485,1.48525,2.00,2.40
2009.01.02 07:52:22.271,1.48485,1.48525,1.00,2.40
2009.01.02 07:52:22.851,1.4849,1.4854,1.00,1.00
2009.01.02 07:52:23.071,1.4849,1.4854,2.60,3.20
2009.01.02 07:52:23.361,1.4849,1.4854,1.80,3.20
2009.01.02 07:52:24.471,1.4849,1.4854,1.00,3.20
2009.01.02 07:52:24.981,1.48495,1.4854,1.80,3.20
2009.01.02 07:52:25.670,1.48495,1.48525,1.80,1.00
2009.01.02 07:52:26.171,1.4846,1.4852,2.60,2.40
2009.01.02 07:52:27.310,1.48475,1.4852,1.80,2.40
2009.01.02 07:52:27.940,1.4849,1.48545,2.60,8.00
2009.01.02 07:52:29.920,1.4849,1.4854,1.00,8.00
2009.01.02 07:52:32.659,1.48485,1.4853,1.80,2.40
2009.01.02 07:52:33.129,1.4849,1.48535,1.80,2.40
2009.01.02 07:52:35.918,1.4849,1.4854,1.80,8.00
2009.01.02 07:52:36.018,1.4849,1.4854,1.80,8.00
2009.01.02 07:52:36.188,1.4849,1.4854,2.60,8.00
2009.01.02 07:52:36.428,1.4849,1.4854,1.80,8.00
2009.01.02 07:52:44.166,1.4848,1.4854,1.80,8.00
2009.01.02 07:52:44.936,1.4848,1.4854,1.80,10.40
2009.01.02 07:52:45.926,1.4848,1.4854,1.80,8.00
2009.01.02 07:52:46.156,1.4848,1.4854,1.80,8.00
2009.01.02 07:52:49.485,1.4849,1.4854,1.80,8.00
2009.01.02 07:52:50.975,1.4848,1.4854,2.60,8.00
2009.01.02 07:52:51.525,1.4848,1.4854,1.80,8.00
2009.01.02 07:52:52.354,1.4848,1.4854,1.80,10.40
2009.01.02 07:53:02.502,1.4848,1.4854,2.60,10.40
2009.01.02 07:53:02.742,1.4849,1.4854,1.80,8.00
2009.01.02 07:53:03.311,1.4848,1.4854,1.80,8.00
2009.01.02 07:53:11.639,1.4848,1.4854,4.20,8.00
2009.01.02 07:53:11.919,1.4849,1.4854,1.00,8.00
2009.01.02 07:53:12.269,1.4848,1.4854,1.80,8.00
2009.01.02 07:53:14.009,1.4848,1.48525,1.80,1.00
2009.01.02 07:53:14.289,1.4848,1.4852,1.00,2.40
2009.01.02 07:53:14.739,1.4847,1.4852,2.60,2.40
2009.01.02 07:53:16.528,1.4847,1.4851,5.00,1.40
2009.01.02 07:53:16.709,1.48485,1.4852,1.00,3.80
2009.01.02 07:53:17.178,1.4848,1.4852,1.80,1.40
2009.01.02 07:53:17.348,1.48485,1.4853,1.80,2.40
2009.01.02 07:53:17.808,1.48485,1.4853,1.80,3.80
2009.01.02 07:53:19.828,1.4848,1.4854,4.20,9.60
2009.01.02 07:53:20.118,1.4848,1.4854,1.80,9.60
2009.01.02 07:53:29.295,1.48505,1.4854,1.00,9.60
2009.01.02 07:53:32.095,1.4847,1.4854,1.80,9.60
2009.01.02 07:53:39.523,1.48485,1.4854,2.40,9.60
2009.01.02 07:53:39.992,1.48495,1.4854,1.80,9.60
2009.01.02 07:53:40.333,1.48495,1.4854,1.00,9.60
2009.01.02 07:53:40.792,1.48485,1.4854,2.60,9.60
2009.01.02 07:53:41.132,1.48475,1.4854,1.80,9.60
2009.01.02 07:53:41.532,1.4847,1.4854,8.00,9.60
2009.01.02 07:53:50.730,1.48495,1.4854,1.80,9.60
2009.01.02 07:53:50.780,1.48505,1.4854,1.00,9.60
2009.01.02 07:53:50.900,1.48505,1.4855,1.00,1.00
2009.01.02 07:53:51.530,1.48515,1.4856,1.00,1.40
2009.01.02 07:53:51.930,1.48525,1.4856,3.20,1.40
2009.01.02 07:53:52.380,1.48525,1.48565,3.20,1.40
2009.01.02 07:53:52.779,1.4853,1.4857,1.00,3.80
2009.01.02 07:53:53.060,1.4853,1.4856,1.00,1.40
2009.01.02 07:53:53.409,1.4852,1.4856,2.60,1.40
2009.01.02 07:53:53.649,1.4852,1.4856,1.00,3.80
2009.01.02 07:53:54.390,1.48515,1.48555,1.00,2.40
2009.01.02 07:53:54.799,1.4849,1.48555,2.60,2.40
2009.01.02 07:53:55.269,1.4849,1.4855,1.80,1.00
2009.01.02 07:53:55.659,1.48485,1.4854,16.00,2.40
2009.01.02 07:53:56.519,1.4849,1.4855,16.00,1.00
2009.01.02 07:54:01.717,1.4849,1.48545,16.00,2.40
2009.01.02 07:54:02.227,1.4849,1.4855,16.00,1.00
2009.01.02 07:54:03.127,1.48505,1.48555,2.60,2.40
2009.01.02 07:54:03.647,1.48505,1.4855,2.60,1.00
2009.01.02 07:54:03.867,1.485,1.48555,1.00,2.40
2009.01.02 07:54:06.036,1.485,1.48555,3.20,2.40
2009.01.02 07:54:06.656,1.4851,1.48555,1.00,2.40
2009.01.02 07:54:07.356,1.48495,1.48555,2.60,2.40
2009.01.02 07:54:22.313,1.48495,1.48555,1.80,2.40
2009.01.02 07:54:26.871,1.48495,1.48555,2.60,2.40
2009.01.02 07:54:29.341,1.48495,1.48555,1.80,2.40
2009.01.02 07:54:29.870,1.48495,1.48565,4.00,2.40
2009.01.02 07:54:30.391,1.48495,1.48565,4.00,2.40
2009.01.02 07:54:31.250,1.48495,1.48555,4.00,2.40
2009.01.02 07:54:31.830,1.48495,1.48555,1.80,2.40
2009.01.02 07:54:34.170,1.4849,1.48555,18.20,2.40
2009.01.02 07:54:34.579,1.4849,1.48555,16.00,2.40
2009.01.02 07:54:35.449,1.4849,1.4855,16.00,1.40
2009.01.02 07:54:35.909,1.4849,1.48545,16.00,1.00
2009.01.02 07:54:36.329,1.4849,1.48545,16.00,2.40
2009.01.02 07:54:36.559,1.4849,1.48545,16.00,2.40
2009.01.02 07:54:37.659,1.4849,1.4854,16.00,1.60
2009.01.02 07:54:38.109,1.4849,1.48535,16.00,2.40
2009.01.02 07:54:38.349,1.4849,1.48535,16.00,2.40
2009.01.02 07:54:39.398,1.4849,1.4852,16.00,2.40
2009.01.02 07:54:39.868,1.4849,1.4852,16.00,2.40
2009.01.02 07:54:40.448,1.4849,1.4853,16.00,2.40
2009.01.02 07:54:40.958,1.4849,1.4856,16.00,1.40
2009.01.02 07:54:41.478,1.4849,1.4856,16.00,2.40
2009.01.02 07:54:42.338,1.4849,1.4854,16.00,2.40
2009.01.02 07:54:42.997,1.4849,1.48545,16.00,2.40
2009.01.02 07:54:43.507,1.4849,1.48555,16.00,2.40
2009.01.02 07:54:43.917,1.4849,1.4855,16.00,2.40
2009.01.02 07:54:44.657,1.4849,1.48545,16.00,2.40
2009.01.02 07:54:45.707,1.4849,1.4855,16.00,2.40
2009.01.02 07:54:47.216,1.4849,1.4856,16.00,10.40
2009.01.02 07:54:47.776,1.4849,1.48555,16.00,2.40
2009.01.02 07:54:49.856,1.4849,1.4856,16.00,8.00
2009.01.02 07:54:51.485,1.485,1.4856,1.00,8.00
2009.01.02 07:54:51.765,1.485,1.4856,1.40,8.00
2009.01.02 07:54:52.126,1.485,1.4856,9.40,8.00
2009.01.02 07:54:52.575,1.485,1.4856,1.40,8.00
2009.01.02 07:54:52.865,1.485,1.4856,1.00,8.00
2009.01.02 07:54:55.105,1.4849,1.4856,18.00,8.00
2009.01.02 07:54:55.574,1.485,1.4856,2.00,8.00
2009.01.02 07:54:55.804,1.48495,1.4856,2.00,8.00
2009.01.02 07:54:55.974,1.4849,1.4856,18.00,8.00
2009.01.02 07:54:57.874,1.4849,1.4856,16.00,8.00
2009.01.02 07:54:59.054,1.4849,1.4856,18.00,8.00
2009.01.02 07:55:01.183,1.4849,1.4856,16.00,8.00
2009.01.02 07:55:43.664,1.485,1.4856,1.00,8.00
2009.01.02 07:55:45.512,1.48495,1.4856,10.20,8.00
2009.01.02 07:55:45.812,1.485,1.4856,1.00,8.00
2009.01.02 07:55:45.932,1.485,1.4856,9.40,8.00
2009.01.02 07:55:46.292,1.485,1.4856,1.00,8.00
2009.01.02 07:55:48.492,1.48495,1.4856,2.00,8.00
2009.01.02 07:55:48.842,1.485,1.4856,1.00,8.00
2009.01.02 07:55:49.671,1.485,1.4856,9.40,8.00
2009.01.02 07:55:49.841,1.485,1.4856,2.80,8.00
2009.01.02 07:55:50.981,1.485,1.4856,1.00,8.00
2009.01.02 07:55:53.150,1.48515,1.4856,1.00,8.00
2009.01.02 07:55:55.550,1.48505,1.4856,1.00,8.00
2009.01.02 07:55:55.840,1.485,1.4856,8.00,8.00
2009.01.02 07:55:56.070,1.485,1.4856,1.00,8.00
2009.01.02 07:55:59.449,1.4851,1.4856,2.00,8.00
2009.01.02 07:55:59.859,1.48485,1.4856,16.60,8.00
2009.01.02 07:56:05.018,1.485,1.4856,1.00,8.00
2009.01.02 07:56:05.138,1.48495,1.4856,2.80,8.00
2009.01.02 07:56:05.658,1.48495,1.4856,5.20,8.00
2009.01.02 07:56:07.877,1.48495,1.4856,7.60,8.00
2009.01.02 07:56:08.397,1.485,1.4856,3.00,8.00
2009.01.02 07:56:08.547,1.48495,1.4856,7.00,8.00
2009.01.02 07:56:26.453,1.485,1.4856,1.00,8.00
2009.01.02 07:56:27.042,1.4849,1.4856,18.80,8.00
2009.01.02 07:56:27.283,1.485,1.4856,1.00,8.00
2009.01.02 07:56:30.322,1.4851,1.4856,1.00,8.00
2009.01.02 07:56:30.722,1.485,1.4856,9.40,8.00
2009.01.02 07:56:31.011,1.485,1.4856,8.00,8.00
2009.01.02 07:56:31.121,1.48495,1.4856,9.40,8.00
2009.01.02 07:56:31.401,1.485,1.4856,1.00,8.00
2009.01.02 07:56:46.378,1.4849,1.4856,19.60,8.00
2009.01.02 07:56:48.107,1.48495,1.4856,2.40,8.00
2009.01.02 07:56:48.697,1.485,1.4856,4.80,8.00
2009.01.02 07:56:48.867,1.485,1.4856,5.40,8.00
2009.01.02 07:56:49.627,1.4851,1.4856,1.80,10.40
2009.01.02 07:56:49.967,1.485,1.48555,2.00,2.40
2009.01.02 07:56:50.087,1.4849,1.48555,16.00,2.40
2009.01.02 07:56:50.677,1.48495,1.48555,1.00,2.40
2009.01.02 07:56:51.137,1.485,1.4856,1.00,8.00
2009.01.02 07:56:51.527,1.48495,1.4856,1.00,8.00
2009.01.02 07:56:53.266,1.48495,1.4856,1.00,8.00
2009.01.02 07:56:55.315,1.48495,1.4856,1.80,8.00
2009.01.02 07:56:55.436,1.4852,1.4856,1.80,8.00
2009.01.02 07:56:55.886,1.4852,1.4856,1.80,8.00
2009.01.02 07:56:56.125,1.4852,1.4856,2.60,8.00
2009.01.02 07:56:56.415,1.4852,1.48595,5.00,2.40
2009.01.02 07:56:56.755,1.4854,1.48595,1.00,2.40
2009.01.02 07:56:56.935,1.4848,1.48595,6.20,3.40
2009.01.02 07:56:57.395,1.4848,1.48585,4.00,3.40
2009.01.02 07:57:01.794,1.48495,1.4858,4.00,1.20
2009.01.02 07:57:18.850,1.48495,1.48585,4.00,3.40
2009.01.02 07:57:20.480,1.48495,1.48585,6.20,2.40
2009.01.02 07:57:20.829,1.48505,1.48585,1.80,2.40
2009.01.02 07:57:21.519,1.48495,1.48585,6.20,2.40
2009.01.02 07:57:21.869,1.48495,1.48585,4.00,3.40
2009.01.02 07:57:22.169,1.48495,1.4858,4.00,1.20
2009.01.02 07:57:34.686,1.48495,1.48585,4.00,3.40
2009.01.02 07:57:41.215,1.485,1.48585,1.60,3.40
2009.01.02 07:57:41.454,1.48505,1.48585,1.80,3.40
2009.01.02 07:57:42.204,1.48505,1.48585,4.00,3.40
2009.01.02 07:57:47.963,1.48505,1.48585,4.00,2.40
2009.01.02 07:57:53.652,1.48505,1.48585,6.20,2.40
2009.01.02 07:58:03.569,1.48515,1.48585,2.40,2.40
2009.01.02 07:58:03.969,1.4852,1.48585,2.60,2.40
2009.01.02 07:58:04.139,1.4852,1.48585,1.80,2.40
2009.01.02 07:58:04.639,1.4852,1.48585,1.00,2.40
2009.01.02 07:58:06.418,1.4851,1.48585,3.20,2.40
2009.01.02 07:58:06.528,1.48515,1.48585,1.00,2.40
2009.01.02 07:58:07.548,1.48525,1.48585,1.80,2.40
2009.01.02 07:58:12.337,1.48505,1.48575,4.00,4.80
2009.01.02 07:58:17.506,1.4853,1.4857,1.80,4.80
2009.01.02 07:58:19.875,1.48535,1.4857,1.80,4.80
2009.01.02 07:58:20.115,1.4854,1.4857,1.80,4.80
2009.01.02 07:58:38.511,1.4855,1.48615,1.80,2.40
2009.01.02 07:58:39.890,1.4854,1.48605,1.80,2.40
2009.01.02 07:58:41.530,1.4854,1.48605,1.80,2.40
2009.01.02 07:58:41.930,1.4853,1.48605,2.60,2.40
2009.01.02 07:58:42.789,1.4853,1.48605,5.00,2.40
2009.01.02 07:58:43.410,1.4854,1.48605,1.80,2.40
2009.01.02 07:58:46.729,1.4857,1.48605,2.40,2.40
2009.01.02 07:58:47.299,1.4858,1.4863,1.00,2.40
2009.01.02 07:58:47.818,1.4855,1.48615,1.80,2.40
2009.01.02 07:58:48.118,1.4854,1.4861,8.00,2.40
2009.01.02 07:59:20.891,1.4855,1.48605,9.80,2.40
2009.01.02 07:59:26.889,1.4855,1.48605,8.00,2.40
2009.01.02 07:59:30.648,1.4855,1.48605,9.80,2.40
2009.01.02 07:59:52.213,1.4855,1.48605,8.00,2.40
