2010.09.20 01:00:00.560,1.3194,1.31955,1.00,1.60
2010.09.20 01:00:02.024,1.3194,1.31955,1.50,1.60
2010.09.20 01:00:02.235,1.3194,1.3195,1.00,1.60
2010.09.20 01:00:02.448,1.3194,1.3195,1.50,1.60
2010.09.20 01:00:03.105,1.3194,1.31955,1.50,1.60
2010.09.20 01:00:03.463,1.31935,1.3195,1.60,1.60
2010.09.20 01:00:03.803,1.3194,1.3195,1.00,1.60
2010.09.20 01:00:05.083,1.31935,1.3195,1.60,1.60
2010.09.20 01:00:05.422,1.3194,1.31955,1.00,1.60
2010.09.20 01:00:10.544,1.31935,1.31955,1.50,1.60
2010.09.20 01:00:12.342,1.31935,1.3195,1.50,1.60
2010.09.20 01:00:12.607,1.3193,1.3195,1.00,1.60
2010.09.20 01:00:14.112,1.3193,1.3195,1.00,1.60
2010.09.20 01:00:14.363,1.31935,1.3195,1.00,1.60
2010.09.20 01:00:14.995,1.3194,1.31955,1.00,1.60
2010.09.20 01:00:17.387,1.3194,1.31955,1.00,3.20
2010.09.20 01:00:17.545,1.31935,1.31955,1.60,3.20
2010.09.20 01:00:20.569,1.31935,1.31955,1.50,3.20
2010.09.20 01:00:21.294,1.31935,1.3195,1.00,1.60
2010.09.20 01:00:21.502,1.31935,1.3195,1.00,3.20
2010.09.20 01:00:21.713,1.3193,1.3195,1.00,3.20
2010.09.20 01:00:21.924,1.31925,1.3195,1.50,3.20
2010.09.20 01:00:22.342,1.31925,1.3195,3.10,3.20
2010.09.20 01:00:22.984,1.31925,1.3195,1.50,4.00
2010.09.20 01:00:23.280,1.3193,1.31945,1.00,1.60
2010.09.20 01:00:23.473,1.3193,1.3195,1.00,3.20
2010.09.20 01:00:26.077,1.3193,1.3195,1.00,3.20
2010.09.20 01:00:26.345,1.3193,1.3195,1.50,3.20
2010.09.20 01:00:28.476,1.3193,1.3195,1.50,1.60
2010.09.20 01:00:28.811,1.3193,1.3195,1.00,1.60
2010.09.20 01:00:28.941,1.3193,1.3195,1.00,3.20
2010.09.20 01:00:29.745,1.3193,1.3195,1.50,1.60
2010.09.20 01:00:30.068,1.31925,1.31945,1.50,1.60
2010.09.20 01:00:31.102,1.31925,1.31945,1.00,1.60
2010.09.20 01:00:34.704,1.31925,1.3195,1.50,3.20
2010.09.20 01:00:35.612,1.3193,1.3195,1.50,3.20
2010.09.20 01:00:38.884,1.31935,1.3195,1.00,1.60
2010.09.20 01:00:41.903,1.3193,1.3195,1.00,1.60
2010.09.20 01:00:42.174,1.3193,1.3195,1.00,3.20
2010.09.20 01:00:43.017,1.3193,1.3195,1.50,3.20
2010.09.20 01:00:43.151,1.3193,1.3195,1.00,3.20
2010.09.20 01:00:43.292,1.3193,1.3195,1.00,1.60
2010.09.20 01:00:43.561,1.3193,1.3195,1.50,1.60
2010.09.20 01:00:44.279,1.31925,1.3195,1.60,3.20
2010.09.20 01:00:44.547,1.31925,1.3195,1.50,3.20
2010.09.20 01:00:44.813,1.3193,1.3195,1.00,3.20
2010.09.20 01:00:46.146,1.31925,1.3195,1.50,3.20
2010.09.20 01:00:50.620,1.3193,1.3195,1.00,3.20
2010.09.20 01:00:50.731,1.3193,1.3195,1.50,3.20
2010.09.20 01:00:51.182,1.3193,1.3195,1.00,3.20
2010.09.20 01:00:53.792,1.3193,1.3195,1.00,1.60
2010.09.20 01:01:00.124,1.3193,1.3195,1.00,3.20
2010.09.20 01:01:08.583,1.31925,1.3195,1.50,3.20
2010.09.20 01:01:08.705,1.3192,1.3195,3.90,4.80
2010.09.20 01:01:09.695,1.3192,1.31945,3.90,1.60
2010.09.20 01:01:10.492,1.31925,1.31945,1.00,1.60
2010.09.20 01:01:10.733,1.3192,1.31945,3.90,2.40
2010.09.20 01:01:11.407,1.31925,1.3195,1.00,3.20
2010.09.20 01:01:11.811,1.31925,1.3195,2.30,3.20
2010.09.20 01:01:13.985,1.31925,1.3195,3.10,3.20
2010.09.20 01:01:14.090,1.31925,1.3195,2.40,4.00
2010.09.20 01:01:14.196,1.31925,1.3195,1.60,4.80
2010.09.20 01:01:15.515,1.31925,1.3195,2.30,4.00
2010.09.20 01:01:20.481,1.31925,1.3195,1.00,4.00
2010.09.20 01:01:23.289,1.3192,1.3195,3.10,4.80
2010.09.20 01:01:23.963,1.3192,1.31945,3.10,1.00
2010.09.20 01:01:24.748,1.3192,1.3195,3.10,4.80
2010.09.20 01:01:25.093,1.31925,1.3195,1.00,4.80
2010.09.20 01:01:31.144,1.3192,1.3195,3.10,4.80
2010.09.20 01:01:31.867,1.3192,1.31945,3.10,1.60
2010.09.20 01:01:33.077,1.3192,1.3195,3.10,3.20
2010.09.20 01:01:33.249,1.31925,1.3195,4.00,2.40
2010.09.20 01:01:33.880,1.31925,1.3195,4.00,3.20
2010.09.20 01:01:34.052,1.31925,1.3195,1.50,3.20
2010.09.20 01:01:34.394,1.31925,1.3195,1.50,4.00
2010.09.20 01:01:40.913,1.3192,1.3195,3.10,4.80
2010.09.20 01:01:41.163,1.31925,1.3195,1.00,4.80
2010.09.20 01:01:42.825,1.31925,1.31945,1.00,1.60
2010.09.20 01:01:44.327,1.31925,1.3195,1.00,4.80
2010.09.20 01:01:47.743,1.31925,1.31945,1.00,1.60
2010.09.20 01:01:47.885,1.3192,1.31945,3.10,2.40
2010.09.20 01:01:48.483,1.31925,1.31945,1.00,1.60
2010.09.20 01:01:57.472,1.31925,1.3195,1.00,4.80
2010.09.20 01:02:04.517,1.31925,1.3195,1.00,4.80
2010.09.20 01:02:04.821,1.3192,1.31945,1.50,6.40
2010.09.20 01:02:05.069,1.3191,1.3194,3.10,3.20
2010.09.20 01:02:05.578,1.3191,1.31935,2.30,1.00
2010.09.20 01:02:05.936,1.3191,1.31935,1.00,1.60
2010.09.20 01:02:06.276,1.3191,1.31935,1.00,1.60
2010.09.20 01:02:06.625,1.31905,1.3193,1.50,1.00
2010.09.20 01:02:07.202,1.31905,1.3193,1.00,1.00
2010.09.20 01:02:07.494,1.31905,1.3193,1.00,1.60
2010.09.20 01:02:12.459,1.31905,1.3193,2.40,1.00
2010.09.20 01:02:13.942,1.31905,1.3193,3.20,1.00
2010.09.20 01:02:14.797,1.31905,1.31935,3.20,4.80
2010.09.20 01:02:15.703,1.31905,1.3193,3.20,1.00
2010.09.20 01:02:16.558,1.31905,1.31935,3.20,4.80
2010.09.20 01:02:23.443,1.31905,1.31935,3.20,3.20
2010.09.20 01:02:24.145,1.31915,1.31935,1.50,1.60
2010.09.20 01:02:25.755,1.31915,1.3194,1.50,4.00
2010.09.20 01:02:30.055,1.31915,1.3194,1.50,2.40
2010.09.20 01:02:37.132,1.3191,1.3194,2.30,11.20
2010.09.20 01:02:37.413,1.3191,1.3194,2.30,12.80
2010.09.20 01:02:37.833,1.3191,1.31935,3.10,1.60
2010.09.20 01:02:41.536,1.3191,1.31935,3.10,2.40
2010.09.20 01:02:43.596,1.3191,1.3194,3.10,8.00
2010.09.20 01:02:43.774,1.3191,1.3194,1.50,4.00
2010.09.20 01:02:44.141,1.3191,1.3194,1.50,4.80
2010.09.20 01:02:46.674,1.3191,1.31935,3.10,1.60
2010.09.20 01:02:50.074,1.3191,1.31935,1.50,1.60
2010.09.20 01:02:50.512,1.3191,1.31935,1.50,3.20
2010.09.20 01:02:59.309,1.31915,1.31935,1.50,1.60
2010.09.20 01:02:59.403,1.31915,1.3194,1.50,3.20
2010.09.20 01:02:59.493,1.3192,1.3194,1.00,3.20
2010.09.20 01:03:04.523,1.3192,1.3194,1.50,1.60
2010.09.20 01:03:04.671,1.3192,1.31945,1.50,4.00
2010.09.20 01:03:07.268,1.3192,1.3194,1.50,1.60
2010.09.20 01:03:08.072,1.3192,1.3194,1.00,1.60
2010.09.20 01:03:09.963,1.3192,1.3194,1.00,3.20
2010.09.20 01:03:10.462,1.3192,1.3194,1.00,1.60
2010.09.20 01:03:10.712,1.3192,1.3194,1.00,3.20
2010.09.20 01:03:23.930,1.31915,1.3194,1.50,3.20
2010.09.20 01:03:25.062,1.31915,1.3194,1.50,4.00
2010.09.20 01:03:25.161,1.31915,1.3194,1.00,4.80
2010.09.20 01:03:29.353,1.31915,1.31935,1.00,1.60
2010.09.20 01:03:29.459,1.3191,1.31935,1.50,4.80
2010.09.20 01:03:30.005,1.3191,1.3193,1.00,1.60
2010.09.20 01:03:38.725,1.3191,1.31935,1.00,15.20
2010.09.20 01:03:38.873,1.3191,1.31935,1.00,8.80
2010.09.20 01:03:39.172,1.3191,1.31935,1.00,4.80
2010.09.20 01:03:43.691,1.3191,1.3193,1.00,1.60
2010.09.20 01:03:45.092,1.3191,1.3193,1.00,4.80
2010.09.20 01:03:45.181,1.3191,1.31925,1.00,2.40
2010.09.20 01:03:45.272,1.31905,1.31925,1.00,2.40
2010.09.20 01:03:45.361,1.319,1.31925,1.50,4.80
2010.09.20 01:03:45.451,1.319,1.31915,1.50,1.60
2010.09.20 01:03:45.631,1.319,1.31915,1.00,1.60
2010.09.20 01:04:04.404,1.31895,1.31915,3.10,1.60
2010.09.20 01:04:05.193,1.319,1.31915,1.50,1.60
2010.09.20 01:04:35.243,1.31895,1.31915,3.10,1.60
2010.09.20 01:04:35.990,1.31895,1.31915,1.00,1.60
2010.09.20 01:04:38.047,1.31895,1.31915,2.30,1.60
2010.09.20 01:04:38.561,1.31895,1.31915,3.10,1.60
2010.09.20 01:04:38.663,1.319,1.31915,1.00,1.60
2010.09.20 01:04:44.822,1.319,1.3191,1.00,1.00
2010.09.20 01:04:45.344,1.319,1.31915,1.00,5.60
2010.09.20 01:04:45.467,1.31895,1.31915,1.50,1.60
2010.09.20 01:04:45.593,1.319,1.31915,1.00,1.60
2010.09.20 01:04:45.715,1.319,1.31915,1.50,1.60
2010.09.20 01:04:45.833,1.319,1.31915,1.00,1.60
2010.09.20 01:04:46.104,1.31895,1.31915,1.50,1.60
2010.09.20 01:05:00.965,1.31895,1.31915,1.00,3.20
2010.09.20 01:05:04.813,1.31895,1.31915,1.00,3.20
2010.09.20 01:05:07.241,1.31895,1.31915,1.00,3.20
2010.09.20 01:05:07.532,1.3189,1.31915,1.50,1.60
2010.09.20 01:05:07.806,1.31885,1.31915,1.50,3.20
2010.09.20 01:05:08.075,1.3189,1.31915,1.00,4.80
2010.09.20 01:05:08.343,1.3189,1.31915,1.00,4.00
2010.09.20 01:05:10.486,1.3189,1.31915,1.00,3.20
2010.09.20 01:05:10.642,1.3189,1.31915,1.50,3.20
2010.09.20 01:05:25.872,1.3189,1.31915,1.00,4.80
2010.09.20 01:05:33.611,1.3189,1.31915,1.50,3.20
2010.09.20 01:05:39.931,1.3189,1.31905,1.50,1.60
2010.09.20 01:05:40.033,1.3189,1.319,1.50,1.00
2010.09.20 01:05:40.134,1.31885,1.319,1.00,1.00
2010.09.20 01:05:40.531,1.31885,1.31895,1.00,1.60
2010.09.20 01:05:41.032,1.31885,1.319,1.00,1.60
2010.09.20 01:05:41.452,1.31885,1.31895,1.00,1.60
2010.09.20 01:05:44.752,1.31885,1.319,1.00,1.60
2010.09.20 01:05:45.073,1.31885,1.319,1.00,1.60
2010.09.20 01:05:45.853,1.31885,1.31895,1.00,1.60
2010.09.20 01:05:53.732,1.3188,1.31895,2.30,1.60
2010.09.20 01:05:53.922,1.3188,1.31895,1.00,1.60
2010.09.20 01:06:00.662,1.31885,1.31895,1.00,1.60
2010.09.20 01:06:02.280,1.3188,1.31895,1.00,1.60
2010.09.20 01:06:40.810,1.3188,1.3189,1.00,1.60
2010.09.20 01:07:05.272,1.3186,1.3189,1.60,1.60
2010.09.20 01:07:06.050,1.31854,1.31889,1.60,2.40
2010.09.20 01:07:06.248,1.31848,1.31888,4.80,1.60
2010.09.20 01:07:06.440,1.31849,1.31884,2.40,1.60
2010.09.20 01:07:06.861,1.31846,1.31881,4.00,1.60
2010.09.20 01:07:07.539,1.31854,1.31869,1.60,2.40
2010.09.20 01:07:09.292,1.31841,1.31871,1.60,1.60
2010.09.20 01:07:10.044,1.31835,1.3187,1.60,1.60
2010.09.20 01:07:10.801,1.31833,1.31863,1.00,1.60
2010.09.20 01:07:18.497,1.31829,1.31859,1.60,2.40
2010.09.20 01:07:18.687,1.31828,1.31853,1.60,1.60
2010.09.20 01:07:19.237,1.31822,1.31857,1.00,2.40
2010.09.20 01:07:20.341,1.31822,1.31862,2.40,4.90
2010.09.20 01:07:20.684,1.31828,1.31858,3.20,1.60
2010.09.20 01:07:23.238,1.31827,1.31857,1.60,2.40
2010.09.20 01:07:23.925,1.31824,1.31854,1.60,1.60
2010.09.20 01:07:24.119,1.3183,1.31845,1.60,1.60
2010.09.20 01:07:24.966,1.31833,1.31848,1.00,1.60
2010.09.20 01:07:25.271,1.31835,1.31855,1.60,1.60
2010.09.20 01:07:26.046,1.31833,1.31863,1.60,1.60
2010.09.20 01:07:26.761,1.31834,1.31864,1.00,1.60
2010.09.20 01:07:26.863,1.31835,1.3186,1.60,1.60
2010.09.20 01:07:33.549,1.31834,1.31859,4.00,1.60
2010.09.20 01:07:35.450,1.31832,1.31857,4.00,1.60
2010.09.20 01:07:35.475,1.31827,1.31862,2.40,1.00
2010.09.20 01:07:35.533,1.31831,1.31861,2.40,4.00
2010.09.20 01:07:35.550,1.31834,1.31864,2.40,4.00
2010.09.20 01:07:35.645,1.31833,1.31868,2.40,4.00
2010.09.20 01:07:44.775,1.31834,1.31869,1.60,2.40
2010.09.20 01:07:45.806,1.31835,1.31865,1.00,2.40
2010.09.20 01:07:45.876,1.3183,1.3186,10.00,1.60
2010.09.20 01:07:51.702,1.31826,1.31861,1.60,1.60
2010.09.20 01:07:51.818,1.31833,1.31858,4.80,1.60
2010.09.20 01:07:53.097,1.3183,1.31865,1.60,1.60
2010.09.20 01:07:54.062,1.31827,1.31862,2.40,1.00
2010.09.20 01:07:59.381,1.31818,1.31853,2.40,1.60
2010.09.20 01:07:59.742,1.31814,1.31844,4.00,1.60
2010.09.20 01:08:00.537,1.31857,1.31887,3.20,1.60
2010.09.20 01:08:02.988,1.31848,1.31878,10.00,1.60
2010.09.20 01:08:19.134,1.31839,1.31875,2.40,4.00
2010.09.20 01:08:25.995,1.31845,1.3187,3.20,1.60
2010.09.20 01:08:30.312,1.31848,1.31878,1.60,2.40
2010.09.20 01:08:32.964,1.31853,1.31883,1.00,1.60
2010.09.20 01:08:46.845,1.31856,1.31892,1.60,1.60
2010.09.20 01:09:41.514,1.31885,1.3189,1.00,1.60
2010.09.20 01:09:42.034,1.31885,1.31895,1.00,1.60
2010.09.20 01:09:42.791,1.31885,1.3189,1.00,1.60
2010.09.20 01:09:45.109,1.31885,1.31895,1.00,1.60
2010.09.20 01:09:45.864,1.31885,1.3189,1.00,1.60
2010.09.20 01:10:23.414,1.3188,1.3189,1.00,1.60
2010.09.20 01:10:24.848,1.3188,1.3189,1.50,1.60
2010.09.20 01:10:25.113,1.31885,1.3189,1.00,1.60
2010.09.20 01:10:26.849,1.31885,1.31895,1.50,1.60
2010.09.20 01:10:27.453,1.3189,1.31895,1.00,1.60
2010.09.20 01:10:30.903,1.31885,1.31895,1.00,1.60
2010.09.20 01:10:31.212,1.31885,1.3189,1.00,1.60
2010.09.20 01:10:44.212,1.3188,1.3189,1.00,1.60
2010.09.20 01:11:34.153,1.3188,1.31895,2.30,1.60
2010.09.20 01:11:40.295,1.3188,1.31895,1.00,1.60
2010.09.20 01:11:40.534,1.3188,1.3189,1.00,1.60
2010.09.20 01:11:41.645,1.3188,1.31895,2.30,1.60
2010.09.20 01:11:44.921,1.31885,1.31895,1.00,1.60
2010.09.20 01:11:45.123,1.31885,1.31895,1.50,1.60
2010.09.20 01:11:47.072,1.31885,1.319,3.10,1.60
2010.09.20 01:11:47.324,1.31885,1.319,3.10,1.60
2010.09.20 01:11:51.622,1.31885,1.319,3.10,1.60
2010.09.20 01:11:52.125,1.31885,1.319,1.50,1.60
2010.09.20 01:11:52.203,1.31885,1.31895,1.50,1.00
2010.09.20 01:11:52.522,1.31885,1.31895,1.50,1.60
2010.09.20 01:11:53.064,1.31885,1.31895,1.50,1.60
2010.09.20 01:11:53.254,1.31885,1.319,1.50,1.60
2010.09.20 01:11:53.444,1.3189,1.31905,1.00,3.20
2010.09.20 01:11:53.634,1.31895,1.31905,1.00,1.60
2010.09.20 01:11:53.823,1.31895,1.3191,1.00,1.60
2010.09.20 01:11:56.794,1.31895,1.3191,1.00,1.60
2010.09.20 01:12:04.342,1.31895,1.3191,1.00,1.60
2010.09.20 01:12:04.604,1.3189,1.3191,1.50,1.60
2010.09.20 01:12:05.104,1.31895,1.3191,1.00,1.60
2010.09.20 01:12:05.236,1.31895,1.31915,1.00,3.20
2010.09.20 01:12:05.541,1.319,1.31915,1.50,3.20
2010.09.20 01:12:10.655,1.31895,1.31915,1.50,3.20
2010.09.20 01:12:10.684,1.31895,1.3191,1.50,1.00
2010.09.20 01:12:10.817,1.31895,1.3191,1.50,1.60
2010.09.20 01:12:11.242,1.31895,1.3191,1.50,1.60
2010.09.20 01:12:11.385,1.319,1.3191,1.00,1.60
2010.09.20 01:12:11.412,1.319,1.3191,1.50,1.60
2010.09.20 01:12:14.363,1.319,1.31915,1.50,1.60
2010.09.20 01:12:16.192,1.319,1.31915,1.50,1.60
2010.09.20 01:12:16.552,1.319,1.3191,1.50,1.60
2010.09.20 01:12:17.332,1.319,1.3192,1.50,3.20
2010.09.20 01:12:17.484,1.31905,1.3192,1.50,3.20
2010.09.20 01:12:19.700,1.31905,1.3192,1.50,1.60
2010.09.20 01:12:21.184,1.31905,1.3192,1.50,1.60
2010.09.20 01:12:26.223,1.31905,1.31925,1.60,3.20
2010.09.20 01:12:26.372,1.3191,1.31925,1.00,3.20
2010.09.20 01:12:26.523,1.3191,1.31925,1.50,1.60
2010.09.20 01:12:37.771,1.31915,1.31925,1.00,1.60
2010.09.20 01:12:37.935,1.3192,1.31935,1.50,3.40
2010.09.20 01:12:38.104,1.3192,1.3194,1.50,3.20
2010.09.20 01:12:38.273,1.31925,1.3194,1.50,3.20
2010.09.20 01:12:39.635,1.31925,1.3194,1.50,1.60
2010.09.20 01:12:40.092,1.3193,1.3194,1.00,1.60
2010.09.20 01:12:40.413,1.31925,1.3194,1.00,1.60
2010.09.20 01:12:40.564,1.31925,1.3194,1.00,3.20
2010.09.20 01:12:40.713,1.3192,1.3194,1.50,3.20
2010.09.20 01:12:41.455,1.31925,1.3194,1.00,3.20
2010.09.20 01:12:44.193,1.31925,1.3194,1.50,3.20
2010.09.20 01:12:44.757,1.31925,1.3194,1.50,1.60
2010.09.20 01:12:46.046,1.31925,1.31945,1.50,1.60
2010.09.20 01:12:46.092,1.31925,1.31945,3.10,1.60
2010.09.20 01:12:47.514,1.3193,1.3195,1.00,3.20
2010.09.20 01:12:48.623,1.3193,1.3195,1.50,3.20
2010.09.20 01:12:48.862,1.31935,1.3195,1.00,3.20
2010.09.20 01:12:56.474,1.31935,1.3195,1.00,1.60
2010.09.20 01:12:56.692,1.31935,1.3195,1.50,1.60
2010.09.20 01:12:56.803,1.31935,1.31955,1.50,3.20
2010.09.20 01:12:57.551,1.3194,1.31955,1.50,3.20
2010.09.20 01:12:58.273,1.3194,1.31955,1.00,3.20
2010.09.20 01:13:00.028,1.3194,1.31955,1.50,3.20
2010.09.20 01:13:04.373,1.3194,1.3195,1.00,1.60
2010.09.20 01:13:04.513,1.31935,1.3195,1.50,3.20
2010.09.20 01:13:04.653,1.31935,1.3195,1.50,1.60
2010.09.20 01:13:05.208,1.31935,1.31955,1.50,3.20
2010.09.20 01:13:13.444,1.31935,1.31955,3.10,3.20
2010.09.20 01:13:13.912,1.3195,1.3196,1.50,3.20
2010.09.20 01:13:14.057,1.3194,1.3196,1.50,3.20
2010.09.20 01:13:14.197,1.3194,1.31955,1.50,1.60
2010.09.20 01:13:15.481,1.3195,1.31955,1.00,1.60
2010.09.20 01:13:15.810,1.3195,1.31955,1.50,1.60
2010.09.20 01:13:17.577,1.3195,1.31955,1.00,1.60
2010.09.20 01:13:17.734,1.31945,1.3196,1.50,1.60
2010.09.20 01:13:17.895,1.31945,1.3196,1.50,1.60
2010.09.20 01:13:18.204,1.31945,1.31955,1.50,1.60
2010.09.20 01:13:24.592,1.31945,1.3196,1.50,3.20
2010.09.20 01:13:24.693,1.31945,1.3196,1.50,1.60
2010.09.20 01:13:24.892,1.31945,1.31955,1.50,1.00
2010.09.20 01:13:25.092,1.31945,1.31955,1.50,1.60
2010.09.20 01:13:27.815,1.31945,1.31955,1.50,1.60
2010.09.20 01:13:30.002,1.31945,1.3196,1.50,3.20
2010.09.20 01:13:30.342,1.31945,1.3196,1.50,1.60
2010.09.20 01:13:32.775,1.31945,1.3196,1.50,3.20
2010.09.20 01:13:33.598,1.31945,1.3196,1.50,1.60
2010.09.20 01:13:38.084,1.3195,1.3196,1.00,3.20
2010.09.20 01:13:38.365,1.3195,1.3196,1.00,1.60
2010.09.20 01:13:39.040,1.3195,1.3196,1.50,1.60
2010.09.20 01:13:39.247,1.31945,1.3196,1.50,1.00
2010.09.20 01:13:39.453,1.31945,1.3196,1.50,1.60
2010.09.20 01:13:44.824,1.31945,1.31955,1.50,1.00
2010.09.20 01:13:45.105,1.31945,1.31955,1.50,1.60
2010.09.20 01:13:47.434,1.3194,1.31955,1.60,1.60
2010.09.20 01:13:47.543,1.3194,1.31955,1.50,1.60
2010.09.20 01:13:51.574,1.3194,1.31955,1.50,1.60
2010.09.20 01:14:14.870,1.31945,1.3196,1.90,1.60
2010.09.20 01:14:14.954,1.3195,1.3196,1.50,1.60
2010.09.20 01:14:16.054,1.31945,1.3196,1.50,1.60
2010.09.20 01:14:16.884,1.31945,1.31965,1.50,4.80
2010.09.20 01:14:17.458,1.3195,1.31965,1.50,1.60
2010.09.20 01:14:28.876,1.31955,1.31965,3.20,1.60
2010.09.20 01:14:29.014,1.31955,1.31965,2.40,1.60
2010.09.20 01:14:29.157,1.3196,1.31975,3.10,5.60
2010.09.20 01:14:29.295,1.3196,1.3197,1.00,1.00
2010.09.20 01:14:29.891,1.3195,1.31965,1.50,1.60
2010.09.20 01:14:30.034,1.31955,1.31965,1.50,1.60
2010.09.20 01:14:31.973,1.31955,1.31965,1.00,1.60
2010.09.20 01:14:32.529,1.31955,1.31965,1.00,1.60
2010.09.20 01:14:32.743,1.31955,1.3197,1.50,1.00
2010.09.20 01:14:32.943,1.3195,1.31965,1.50,1.60
2010.09.20 01:14:36.607,1.31945,1.31965,3.10,1.60
2010.09.20 01:14:36.692,1.31945,1.3196,3.10,1.60
2010.09.20 01:14:36.872,1.3195,1.3196,1.00,1.60
2010.09.20 01:14:36.962,1.3195,1.3196,1.50,1.60
2010.09.20 01:14:39.423,1.3195,1.31965,1.50,1.60
2010.09.20 01:14:55.347,1.31945,1.31965,3.10,1.60
2010.09.20 01:15:00.502,1.31945,1.31965,1.50,1.60
2010.09.20 01:15:00.862,1.31945,1.31965,1.50,3.20
2010.09.20 01:15:01.323,1.31945,1.3196,1.50,1.60
2010.09.20 01:15:08.893,1.31945,1.31965,1.50,3.20
2010.09.20 01:15:31.083,1.31945,1.31965,1.00,3.20
2010.09.20 01:15:31.778,1.3195,1.31965,1.00,3.20
2010.09.20 01:15:33.408,1.31945,1.31965,1.50,3.20
2010.09.20 01:15:45.912,1.31945,1.31965,1.00,3.20
2010.09.20 01:15:53.162,1.31945,1.31965,1.50,3.20
2010.09.20 01:15:54.352,1.31945,1.31965,1.00,3.20
2010.09.20 01:15:54.472,1.31945,1.3196,1.00,1.60
2010.09.20 01:15:54.712,1.3194,1.3196,3.20,1.60
2010.09.20 01:15:58.203,1.3194,1.3196,1.60,1.60
2010.09.20 01:15:58.313,1.3194,1.31965,1.50,4.00
2010.09.20 01:15:58.903,1.3194,1.3196,1.50,1.60
2010.09.20 01:15:59.093,1.3194,1.31955,1.50,1.60
2010.09.20 01:16:00.073,1.3194,1.3196,1.50,3.20
2010.09.20 01:16:01.713,1.3194,1.3196,1.50,1.60
2010.09.20 01:16:02.230,1.31945,1.3196,1.00,1.60
2010.09.20 01:16:10.518,1.31945,1.3196,1.50,1.60
2010.09.20 01:16:47.342,1.3195,1.3196,1.00,1.60
2010.09.20 01:16:47.623,1.31945,1.3196,1.50,1.60
2010.09.20 01:16:48.462,1.3195,1.3196,1.50,1.60
2010.09.20 01:16:51.322,1.31945,1.3196,1.50,1.60
2010.09.20 01:16:51.883,1.3195,1.3196,1.50,1.60
2010.09.20 01:16:54.183,1.3195,1.31965,1.50,1.60
2010.09.20 01:17:16.012,1.31955,1.31965,1.00,1.60
2010.09.20 01:17:16.121,1.31955,1.31965,1.50,1.60
2010.09.20 01:17:17.641,1.31955,1.31965,1.00,1.60
2010.09.20 01:17:19.870,1.3195,1.31965,1.00,1.60
2010.09.20 01:17:20.271,1.3195,1.31965,1.50,1.60
2010.09.20 01:18:02.920,1.31955,1.31965,1.00,1.60
2010.09.20 01:18:03.644,1.31955,1.3197,1.00,1.60
2010.09.20 01:18:05.781,1.3195,1.3197,1.50,1.60
2010.09.20 01:18:07.193,1.31955,1.3197,1.00,1.60
2010.09.20 01:18:07.536,1.3195,1.3197,3.10,1.60
2010.09.20 01:18:07.873,1.3195,1.3197,1.50,1.60
2010.09.20 01:18:08.212,1.3195,1.31965,1.50,1.60
2010.09.20 01:18:11.062,1.31955,1.31965,1.00,1.60
2010.09.20 01:18:11.302,1.31955,1.3197,1.00,1.60
2010.09.20 01:18:11.662,1.31955,1.3197,1.50,1.60
2010.09.20 01:18:12.753,1.31955,1.31965,1.50,1.60
2010.09.20 01:18:40.081,1.3195,1.31965,1.50,1.60
2010.09.20 01:18:41.152,1.31955,1.31965,1.00,1.60
2010.09.20 01:18:41.344,1.3195,1.31965,1.50,1.60
2010.09.20 01:18:41.531,1.31955,1.31965,1.00,1.60
2010.09.20 01:18:53.061,1.3195,1.31965,1.50,1.60
2010.09.20 01:18:55.422,1.31955,1.31965,1.00,1.60
2010.09.20 01:18:55.501,1.31955,1.31965,1.50,1.60
2010.09.20 01:19:23.421,1.31955,1.3197,1.50,1.60
2010.09.20 01:20:22.393,1.3195,1.31965,1.50,1.60
2010.09.20 01:20:22.591,1.31955,1.31965,1.50,1.60
2010.09.20 01:20:36.603,1.31955,1.31965,1.00,1.60
2010.09.20 01:20:36.661,1.3195,1.31965,1.50,1.60
2010.09.20 01:20:37.935,1.31955,1.31965,1.00,1.60
2010.09.20 01:20:39.701,1.3195,1.31965,1.50,1.60
2010.09.20 01:20:41.502,1.31955,1.31965,1.00,1.60
2010.09.20 01:20:44.692,1.31955,1.31965,1.50,1.60
2010.09.20 01:20:44.922,1.3195,1.31965,1.50,1.60
2010.09.20 01:20:45.182,1.31955,1.31965,1.50,1.60
2010.09.20 01:20:45.879,1.3195,1.31965,1.50,1.60
2010.09.20 01:20:54.603,1.31955,1.31965,1.00,1.60
2010.09.20 01:20:55.282,1.31955,1.31965,1.00,1.60
2010.09.20 01:20:55.768,1.3195,1.31965,1.50,1.60
2010.09.20 01:21:20.894,1.31955,1.31965,1.50,1.60
2010.09.20 01:21:21.114,1.31955,1.31965,1.00,1.60
2010.09.20 01:21:21.401,1.3195,1.31965,1.50,1.60
2010.09.20 01:21:26.868,1.31955,1.3197,1.50,1.60
2010.09.20 01:21:27.328,1.3196,1.3197,1.50,1.60
2010.09.20 01:21:29.313,1.3196,1.3197,1.50,1.60
2010.09.20 01:21:31.237,1.31955,1.3197,1.50,1.60
2010.09.20 01:21:31.354,1.31955,1.31965,1.50,1.00
2010.09.20 01:21:31.714,1.31955,1.31965,1.50,1.60
2010.09.20 01:21:34.175,1.31955,1.31965,1.00,1.60
2010.09.20 01:21:34.404,1.3195,1.31965,1.50,1.60
2010.09.20 01:21:36.102,1.3195,1.31965,1.50,1.60
2010.09.20 01:21:45.438,1.31955,1.31965,1.00,1.60
2010.09.20 01:21:45.591,1.31955,1.31965,1.50,1.60
2010.09.20 01:21:45.735,1.31955,1.31965,1.00,1.60
2010.09.20 01:21:46.078,1.3195,1.31965,1.50,1.60
2010.09.20 01:21:47.355,1.31955,1.31965,1.00,1.60
2010.09.20 01:21:54.622,1.3195,1.31965,1.50,1.60
2010.09.20 01:21:57.603,1.31945,1.31965,3.10,1.60
2010.09.20 01:21:57.694,1.31945,1.31965,3.10,1.60
2010.09.20 01:21:58.246,1.31945,1.3196,3.10,1.60
2010.09.20 01:22:02.633,1.3195,1.3196,1.50,1.60
2010.09.20 01:22:02.974,1.3195,1.3196,3.10,1.60
2010.09.20 01:22:03.144,1.3195,1.31965,3.10,1.60
2010.09.20 01:22:06.633,1.3195,1.31965,1.50,1.60
2010.09.20 01:22:16.413,1.31955,1.31965,1.00,1.60
2010.09.20 01:22:16.463,1.31955,1.31965,1.50,1.60
2010.09.20 01:22:17.011,1.3196,1.31965,1.00,1.60
2010.09.20 01:22:19.727,1.3196,1.31965,1.50,1.60
2010.09.20 01:22:20.208,1.3196,1.3197,1.50,1.60
2010.09.20 01:22:22.047,1.3197,1.3198,1.00,9.60
2010.09.20 01:22:22.278,1.31975,1.3199,1.00,1.60
2010.09.20 01:22:22.508,1.31985,1.3199,1.00,1.60
2010.09.20 01:22:22.966,1.3199,1.32005,1.00,1.65
2010.09.20 01:22:23.721,1.3199,1.31995,1.00,1.60
2010.09.20 01:22:24.017,1.31995,1.32015,1.00,3.20
2010.09.20 01:22:24.204,1.31995,1.32005,1.00,1.60
2010.09.20 01:22:24.394,1.31995,1.3201,1.00,1.60
2010.09.20 01:22:24.586,1.32,1.3201,1.50,1.60
2010.09.20 01:22:24.953,1.32,1.32015,1.50,3.20
2010.09.20 01:22:26.037,1.32005,1.32015,1.50,1.60
2010.09.20 01:22:26.210,1.32005,1.3202,1.50,3.20
2010.09.20 01:22:28.305,1.32005,1.3202,1.50,1.60
2010.09.20 01:22:28.929,1.3201,1.32025,1.00,3.20
2010.09.20 01:22:29.148,1.32015,1.32025,1.50,1.60
2010.09.20 01:22:29.364,1.32015,1.3203,1.50,3.20
2010.09.20 01:22:29.595,1.3202,1.3203,1.00,1.60
2010.09.20 01:22:30.733,1.3202,1.32035,1.00,3.20
2010.09.20 01:22:35.944,1.3202,1.32035,1.50,3.20
2010.09.20 01:22:47.796,1.32015,1.3202,1.60,3.20
2010.09.20 01:22:48.398,1.32005,1.3202,1.60,4.00
2010.09.20 01:22:48.743,1.32015,1.32025,1.00,3.20
2010.09.20 01:22:50.324,1.32015,1.32025,1.00,1.60
2010.09.20 01:22:55.006,1.3201,1.32025,1.00,1.60
2010.09.20 01:22:55.169,1.32005,1.3202,3.10,1.60
2010.09.20 01:22:55.335,1.32005,1.3202,1.00,1.60
2010.09.20 01:22:56.158,1.32005,1.3202,1.00,3.20
2010.09.20 01:23:05.755,1.32005,1.3202,1.00,1.60
2010.09.20 01:23:06.024,1.32005,1.3202,1.50,1.60
2010.09.20 01:23:08.314,1.3201,1.3202,1.00,1.60
2010.09.20 01:23:08.425,1.32015,1.32025,1.00,1.60
2010.09.20 01:23:13.886,1.3201,1.32025,2.40,1.60
2010.09.20 01:23:22.783,1.3201,1.32025,3.20,1.60
2010.09.20 01:23:24.918,1.3201,1.32025,2.40,1.60
2010.09.20 01:23:26.655,1.3201,1.32025,1.60,1.60
2010.09.20 01:23:29.852,1.3201,1.32025,2.40,1.60
2010.09.20 01:23:31.845,1.3202,1.3203,1.00,1.60
2010.09.20 01:23:34.784,1.3202,1.32035,1.00,3.20
2010.09.20 01:23:36.383,1.3202,1.32035,1.00,1.60
2010.09.20 01:23:36.515,1.32025,1.32035,1.00,1.60
2010.09.20 01:23:36.649,1.3202,1.3204,1.00,1.60
2010.09.20 01:23:36.777,1.3203,1.3204,1.00,1.60
2010.09.20 01:23:37.217,1.3203,1.3204,1.00,3.20
2010.09.20 01:23:37.526,1.3203,1.3204,1.00,1.60
2010.09.20 01:23:38.031,1.3203,1.32035,1.00,4.00
2010.09.20 01:23:38.143,1.3201,1.3203,2.40,1.60
2010.09.20 01:23:38.366,1.3201,1.3203,1.60,1.60
2010.09.20 01:23:38.745,1.3202,1.3203,1.00,1.60
2010.09.20 01:23:38.955,1.3202,1.3203,1.50,1.60
2010.09.20 01:23:39.449,1.3202,1.32035,1.50,7.20
2010.09.20 01:23:39.804,1.3203,1.32035,1.00,1.60
2010.09.20 01:23:40.147,1.3203,1.3204,1.00,1.60
2010.09.20 01:23:40.488,1.3203,1.32045,1.00,3.20
2010.09.20 01:23:41.657,1.3203,1.32045,1.50,3.20
2010.09.20 01:23:41.864,1.3203,1.32045,1.00,3.20
2010.09.20 01:23:48.062,1.32035,1.32045,1.00,1.60
2010.09.20 01:23:48.226,1.32035,1.3205,1.00,3.20
2010.09.20 01:23:48.786,1.3203,1.3205,1.00,3.20
2010.09.20 01:23:48.984,1.3203,1.32045,1.00,1.60
2010.09.20 01:23:50.394,1.3203,1.32045,1.00,3.20
2010.09.20 01:23:50.495,1.32035,1.32045,1.50,3.20
2010.09.20 01:23:50.595,1.32035,1.32045,1.50,1.60
2010.09.20 01:23:50.794,1.32035,1.3205,1.50,1.60
2010.09.20 01:23:50.893,1.32035,1.32055,1.50,3.20
2010.09.20 01:23:51.705,1.32035,1.32055,3.10,3.20
2010.09.20 01:23:52.073,1.3204,1.32055,1.00,3.20
2010.09.20 01:23:56.973,1.3204,1.32055,1.50,3.20
2010.09.20 01:23:57.023,1.32045,1.32055,1.00,3.20
2010.09.20 01:23:57.363,1.32045,1.32055,1.00,1.60
2010.09.20 01:24:00.427,1.32025,1.32045,4.70,1.60
2010.09.20 01:24:00.666,1.32025,1.32035,3.20,1.60
2010.09.20 01:24:01.176,1.32025,1.32035,1.60,1.60
2010.09.20 01:24:01.393,1.32015,1.32035,3.10,1.60
2010.09.20 01:24:01.611,1.3202,1.32035,1.00,1.60
2010.09.20 01:24:03.171,1.32015,1.32035,1.50,1.60
2010.09.20 01:24:06.996,1.32015,1.32035,1.00,1.60
2010.09.20 01:24:08.714,1.32015,1.32035,1.00,3.20
2010.09.20 01:24:12.951,1.3202,1.32035,1.60,3.20
2010.09.20 01:24:13.074,1.32035,1.3205,1.60,1.60
2010.09.20 01:24:13.199,1.32035,1.32055,3.10,3.20
2010.09.20 01:24:13.317,1.32035,1.32055,9.50,3.20
2010.09.20 01:24:13.436,1.32035,1.32055,1.50,3.20
2010.09.20 01:24:13.558,1.3204,1.32055,1.00,1.60
2010.09.20 01:24:14.063,1.3204,1.3205,1.00,1.60
2010.09.20 01:24:14.413,1.32035,1.3205,1.50,1.60
2010.09.20 01:24:15.102,1.3204,1.32055,1.50,1.60
2010.09.20 01:24:16.203,1.3203,1.32045,5.60,1.60
2010.09.20 01:24:16.491,1.3202,1.3204,1.60,1.60
2010.09.20 01:24:16.773,1.32015,1.3204,4.00,2.40
2010.09.20 01:24:17.790,1.32015,1.3204,4.00,4.80
2010.09.20 01:24:18.948,1.32015,1.3204,4.00,4.80
2010.09.20 01:24:19.903,1.3202,1.3204,1.00,1.60
2010.09.20 01:24:20.138,1.32025,1.32045,1.00,1.60
2010.09.20 01:24:20.827,1.32025,1.3204,1.00,1.60
2010.09.20 01:24:21.562,1.32025,1.3204,1.50,1.60
2010.09.20 01:24:22.559,1.32025,1.32045,1.50,1.60
2010.09.20 01:24:23.727,1.3203,1.32045,1.00,1.60
2010.09.20 01:24:24.413,1.32035,1.32045,1.00,1.60
2010.09.20 01:24:25.205,1.32035,1.32045,1.50,1.60
2010.09.20 01:24:27.860,1.32035,1.3205,1.50,1.60
2010.09.20 01:24:29.173,1.3204,1.32055,1.00,1.60
2010.09.20 01:24:29.506,1.32035,1.32055,2.30,1.60
2010.09.20 01:24:29.828,1.3203,1.32055,3.10,3.20
2010.09.20 01:24:30.642,1.3203,1.3205,3.10,3.20
2010.09.20 01:24:33.315,1.3203,1.3205,2.30,3.20
2010.09.20 01:24:34.444,1.32035,1.32055,1.00,5.60
2010.09.20 01:24:34.726,1.32035,1.32055,2.30,1.60
2010.09.20 01:24:35.274,1.32035,1.32055,3.10,1.60
2010.09.20 01:24:36.136,1.3204,1.32055,1.00,1.60
2010.09.20 01:24:39.603,1.3204,1.32055,1.00,6.40
2010.09.20 01:24:39.740,1.3203,1.32045,1.60,1.60
2010.09.20 01:24:39.873,1.3203,1.32045,1.60,2.40
2010.09.20 01:24:41.999,1.32035,1.3205,1.50,1.60
2010.09.20 01:24:49.715,1.32035,1.3205,1.00,1.60
2010.09.20 01:24:52.410,1.3203,1.3205,2.30,1.60
2010.09.20 01:24:54.134,1.3203,1.3205,3.10,1.60
2010.09.20 01:24:55.270,1.3203,1.3205,2.30,1.60
2010.09.20 01:24:56.044,1.32035,1.3205,1.00,1.60
2010.09.20 01:24:58.719,1.32035,1.3205,1.50,1.60
2010.09.20 01:24:59.487,1.32035,1.32055,1.50,3.20
2010.09.20 01:24:59.816,1.3204,1.32055,1.00,3.20
2010.09.20 01:25:03.876,1.32035,1.32055,1.50,3.20
2010.09.20 01:25:04.190,1.32035,1.3205,1.50,1.60
2010.09.20 01:25:11.116,1.3203,1.3205,3.20,1.60
2010.09.20 01:25:13.334,1.32035,1.3205,1.00,1.60
2010.09.20 01:25:13.973,1.32035,1.3205,2.30,1.60
2010.09.20 01:25:14.319,1.3204,1.32055,1.00,3.20
2010.09.20 01:25:16.287,1.32035,1.32055,1.50,3.20
2010.09.20 01:25:17.574,1.3204,1.32055,1.00,3.20
2010.09.20 01:25:21.376,1.3204,1.32055,1.00,1.60
2010.09.20 01:25:22.322,1.3204,1.32055,1.00,3.20
2010.09.20 01:25:41.976,1.3204,1.3205,1.00,1.60
2010.09.20 01:25:51.318,1.3203,1.3205,3.20,1.60
2010.09.20 01:25:52.664,1.32035,1.32055,1.50,3.20
2010.09.20 01:25:52.918,1.3204,1.32055,1.00,3.20
2010.09.20 01:25:53.167,1.32035,1.32055,1.50,3.20
2010.09.20 01:25:55.230,1.32035,1.3205,1.50,2.40
2010.09.20 01:25:55.340,1.32035,1.32045,1.00,1.60
2010.09.20 01:25:55.877,1.3202,1.3204,7.20,1.00
2010.09.20 01:25:55.990,1.3202,1.3204,3.20,2.40
2010.09.20 01:25:56.097,1.3202,1.3204,4.80,2.40
2010.09.20 01:25:56.782,1.3203,1.32045,1.00,3.20
2010.09.20 01:25:57.589,1.32035,1.3205,1.00,1.60
2010.09.20 01:25:57.919,1.32035,1.3205,1.50,1.60
2010.09.20 01:26:00.256,1.32035,1.32055,1.50,3.20
2010.09.20 01:26:01.831,1.32035,1.32055,1.00,4.00
2010.09.20 01:26:01.996,1.3203,1.32055,3.20,4.00
2010.09.20 01:26:04.841,1.3204,1.32055,1.00,2.40
2010.09.20 01:26:04.919,1.32045,1.32055,1.00,1.00
2010.09.20 01:26:05.077,1.32045,1.3206,1.00,2.40
2010.09.20 01:26:05.575,1.32045,1.3206,1.00,1.60
2010.09.20 01:26:07.638,1.3204,1.32055,1.60,1.60
2010.09.20 01:26:07.729,1.32035,1.32055,1.60,1.60
2010.09.20 01:26:08.278,1.32035,1.32055,1.00,2.40
2010.09.20 01:26:08.633,1.3204,1.32055,1.00,2.40
2010.09.20 01:26:09.319,1.32035,1.32055,1.00,4.00
2010.09.20 01:26:10.102,1.3204,1.32055,1.00,4.00
2010.09.20 01:26:10.450,1.3204,1.32055,1.00,1.60
2010.09.20 01:26:11.550,1.32035,1.3205,1.60,5.60
2010.09.20 01:26:11.709,1.3203,1.3205,1.00,9.20
2010.09.20 01:26:11.869,1.3203,1.32045,1.00,2.40
2010.09.20 01:26:12.028,1.3203,1.32045,1.00,3.20
2010.09.20 01:26:13.156,1.3203,1.32045,1.00,2.40
2010.09.20 01:26:14.896,1.32025,1.3204,1.60,1.00
2010.09.20 01:26:15.243,1.32025,1.3204,1.60,1.60
2010.09.20 01:26:15.589,1.3202,1.32035,1.00,1.60
2010.09.20 01:26:18.368,1.3202,1.32035,1.00,1.70
2010.09.20 01:26:19.967,1.3202,1.3204,1.00,6.60
2010.09.20 01:26:20.178,1.3202,1.32035,1.00,1.00
2010.09.20 01:26:21.646,1.3202,1.32035,1.00,1.00
2010.09.20 01:26:24.537,1.32015,1.32035,2.40,1.00
2010.09.20 01:26:24.788,1.32015,1.32035,1.60,1.00
2010.09.20 01:26:25.367,1.32015,1.32035,2.40,1.00
2010.09.20 01:26:26.080,1.32015,1.32035,1.60,1.00
2010.09.20 01:26:26.719,1.32015,1.32035,1.60,1.00
2010.09.20 01:26:32.722,1.32015,1.32035,4.80,1.00
2010.09.20 01:26:32.827,1.32015,1.3204,5.60,7.30
2010.09.20 01:26:32.877,1.32015,1.3204,5.60,5.70
2010.09.20 01:26:33.007,1.3202,1.3204,1.60,1.70
2010.09.20 01:26:36.140,1.3202,1.3204,1.60,1.00
2010.09.20 01:26:36.294,1.3203,1.3205,1.00,5.60
2010.09.20 01:26:36.448,1.32025,1.32045,4.80,1.60
2010.09.20 01:26:36.598,1.32035,1.32045,1.00,1.60
2010.09.20 01:26:37.166,1.32035,1.3205,1.00,1.60
2010.09.20 01:26:39.572,1.32035,1.32045,1.00,4.00
2010.09.20 01:26:39.807,1.32015,1.32025,2.30,1.00
2010.09.20 01:26:40.045,1.3201,1.32025,1.00,1.00
2010.09.20 01:26:40.272,1.32005,1.32025,3.90,1.60
2010.09.20 01:26:42.517,1.32005,1.3202,1.00,1.00
2010.09.20 01:26:42.727,1.32005,1.3202,1.00,1.60
2010.09.20 01:26:43.357,1.32005,1.32025,1.00,1.60
2010.09.20 01:26:43.576,1.32005,1.32025,2.30,1.60
2010.09.20 01:26:43.796,1.32005,1.32025,3.10,1.60
2010.09.20 01:27:03.662,1.32005,1.32025,2.30,1.60
2010.09.20 01:27:14.998,1.32005,1.3203,8.30,4.80
2010.09.20 01:27:15.098,1.32015,1.3203,1.00,3.20
2010.09.20 01:27:15.197,1.32015,1.3203,1.00,2.40
2010.09.20 01:27:15.297,1.32015,1.32035,1.00,1.00
2010.09.20 01:27:15.617,1.32015,1.32035,1.60,1.00
2010.09.20 01:27:15.936,1.32015,1.32035,2.40,1.00
2010.09.20 01:27:18.437,1.3202,1.32035,1.00,1.00
2010.09.20 01:27:18.780,1.3202,1.3204,1.00,2.90
2010.09.20 01:27:19.118,1.3202,1.3204,1.60,2.10
2010.09.20 01:27:19.792,1.3202,1.3204,3.20,2.10
2010.09.20 01:27:20.256,1.3202,1.3204,3.20,2.00
2010.09.20 01:27:20.465,1.3202,1.32045,4.00,4.10
2010.09.20 01:27:20.866,1.3202,1.32045,4.00,4.90
2010.09.20 01:27:21.180,1.32025,1.32045,1.60,4.80
2010.09.20 01:27:21.491,1.32035,1.3205,1.50,3.20
2010.09.20 01:27:21.798,1.32035,1.3205,1.50,1.60
2010.09.20 01:27:22.851,1.32035,1.32055,1.50,1.60
2010.09.20 01:27:24.229,1.3203,1.3205,1.60,1.60
2010.09.20 01:27:24.871,1.32025,1.3205,2.40,3.20
2010.09.20 01:27:25.720,1.32025,1.3205,2.30,3.20
2010.09.20 01:27:25.929,1.32025,1.32045,1.00,1.60
2010.09.20 01:27:26.136,1.3202,1.32045,4.00,1.60
2010.09.20 01:27:26.286,1.3202,1.32045,4.00,3.20
2010.09.20 01:27:26.587,1.3202,1.32045,4.00,4.80
2010.09.20 01:27:26.737,1.3202,1.32045,4.00,4.80
2010.09.20 01:27:26.887,1.3202,1.32045,4.00,4.90
2010.09.20 01:27:27.187,1.3202,1.32045,4.80,3.30
2010.09.20 01:27:29.197,1.32025,1.32045,1.60,3.20
2010.09.20 01:27:29.838,1.32025,1.32045,3.10,3.20
2010.09.20 01:27:30.131,1.32025,1.32045,2.30,1.60
2010.09.20 01:27:30.419,1.32035,1.32055,1.00,10.40
2010.09.20 01:27:31.215,1.32035,1.32055,3.20,3.20
2010.09.20 01:27:32.758,1.3204,1.32055,1.60,1.60
2010.09.20 01:27:33.998,1.3204,1.32055,1.60,1.70
2010.09.20 01:27:34.339,1.3204,1.3206,1.60,5.60
2010.09.20 01:27:35.005,1.32045,1.3206,1.60,1.70
2010.09.20 01:27:35.410,1.32045,1.3206,1.60,1.60
2010.09.20 01:27:36.281,1.32045,1.3206,1.60,2.50
2010.09.20 01:27:37.307,1.32045,1.3206,1.60,2.40
2010.09.20 01:27:38.324,1.32045,1.3205,1.60,1.60
2010.09.20 01:27:38.444,1.32025,1.32045,7.10,1.60
2010.09.20 01:27:38.557,1.32025,1.3205,3.20,6.40
2010.09.20 01:27:38.672,1.32025,1.3205,2.40,6.40
2010.09.20 01:27:38.787,1.32025,1.3205,2.40,8.40
2010.09.20 01:27:38.900,1.3202,1.32045,2.30,1.00
2010.09.20 01:27:39.466,1.3202,1.32035,1.00,1.60
2010.09.20 01:27:39.817,1.32015,1.32035,1.00,1.60
2010.09.20 01:27:42.776,1.3201,1.32035,3.10,1.80
2010.09.20 01:27:49.003,1.3201,1.3203,3.10,1.60
2010.09.20 01:27:52.290,1.3201,1.3203,2.30,1.60
2010.09.20 01:27:52.727,1.3201,1.3203,4.70,1.60
2010.09.20 01:27:52.946,1.3201,1.32035,4.70,1.70
2010.09.20 01:27:53.428,1.3201,1.32035,4.70,1.60
2010.09.20 01:27:54.648,1.3201,1.32035,4.70,1.00
2010.09.20 01:27:54.848,1.3201,1.3204,13.50,12.80
2010.09.20 01:27:55.048,1.3202,1.3204,1.00,1.00
2010.09.20 01:27:55.247,1.32025,1.32045,1.60,9.70
2010.09.20 01:27:56.268,1.32025,1.3204,1.60,1.00
2010.09.20 01:27:56.484,1.3202,1.3204,2.30,1.70
2010.09.20 01:27:56.690,1.3202,1.3204,2.30,3.30
2010.09.20 01:27:57.468,1.32015,1.32035,3.10,1.60
2010.09.20 01:27:57.814,1.32015,1.32035,3.10,3.20
2010.09.20 01:28:00.279,1.32015,1.32035,3.10,6.40
2010.09.20 01:28:00.807,1.3201,1.32035,1.60,8.00
2010.09.20 01:28:01.146,1.32005,1.32025,3.90,1.60
2010.09.20 01:28:03.085,1.32005,1.3203,3.90,2.40
2010.09.20 01:28:03.262,1.32005,1.3203,4.70,1.60
2010.09.20 01:28:05.627,1.32005,1.3203,4.70,2.40
2010.09.20 01:28:05.957,1.32005,1.32025,4.70,1.60
2010.09.20 01:28:07.549,1.32005,1.32025,3.90,1.60
2010.09.20 01:28:07.889,1.32,1.32025,4.80,1.60
2010.09.20 01:28:08.207,1.32005,1.32025,1.60,1.60
2010.09.20 01:28:18.327,1.32005,1.32025,2.30,1.60
2010.09.20 01:28:20.655,1.32005,1.3202,2.30,1.60
2010.09.20 01:28:25.982,1.32005,1.3202,1.60,1.60
2010.09.20 01:28:26.117,1.32,1.3202,4.90,1.60
2010.09.20 01:28:28.329,1.32005,1.3202,1.00,1.60
2010.09.20 01:28:33.797,1.32,1.3202,4.80,1.60
2010.09.20 01:28:35.316,1.32,1.3202,4.90,1.60
2010.09.20 01:28:35.475,1.32005,1.3202,1.00,1.60
2010.09.20 01:28:37.187,1.3201,1.3202,1.00,1.60
2010.09.20 01:28:37.237,1.3201,1.3202,1.50,1.60
2010.09.20 01:28:37.307,1.3201,1.3202,3.10,1.60
2010.09.20 01:28:38.359,1.32005,1.3202,1.00,1.60
2010.09.20 01:28:40.525,1.31995,1.32015,4.90,1.60
2010.09.20 01:28:41.046,1.31995,1.32015,4.70,1.60
2010.09.20 01:28:41.177,1.31995,1.32015,3.90,1.60
2010.09.20 01:28:41.967,1.31995,1.32015,3.20,1.60
2010.09.20 01:28:42.708,1.31995,1.32015,3.20,1.60
2010.09.20 01:28:43.867,1.31995,1.3202,3.20,3.20
2010.09.20 01:28:44.388,1.32,1.3202,1.60,3.20
2010.09.20 01:28:52.376,1.32,1.3202,1.60,1.60
2010.09.20 01:28:53.217,1.32,1.3202,1.60,2.40
2010.09.20 01:28:53.750,1.31995,1.3202,3.90,3.20
2010.09.20 01:28:54.731,1.31995,1.32015,3.90,1.60
2010.09.20 01:29:01.446,1.31995,1.32015,3.20,1.60
2010.09.20 01:29:06.136,1.31995,1.32015,3.90,1.60
2010.09.20 01:29:06.648,1.31995,1.3202,3.90,3.20
2010.09.20 01:29:06.782,1.31995,1.3202,4.70,2.40
2010.09.20 01:29:07.940,1.32,1.3202,1.60,1.60
2010.09.20 01:29:08.822,1.3199,1.32,1.60,1.00
2010.09.20 01:29:09.323,1.31985,1.31995,1.60,1.00
2010.09.20 01:29:10.407,1.3198,1.31995,1.60,1.00
2010.09.20 01:29:12.067,1.3198,1.31995,1.60,1.60
2010.09.20 01:29:12.137,1.31975,1.31995,3.20,1.60
2010.09.20 01:29:12.858,1.31975,1.31995,3.20,1.60
2010.09.20 01:29:13.420,1.3198,1.31995,1.60,1.00
2010.09.20 01:29:13.561,1.31985,1.32,1.60,1.00
2010.09.20 01:29:27.427,1.31985,1.32,3.20,1.00
2010.09.20 01:29:30.927,1.31985,1.32005,4.70,1.60
2010.09.20 01:29:31.541,1.3199,1.32005,1.00,1.60
2010.09.20 01:29:34.243,1.3198,1.32,5.60,1.60
2010.09.20 01:29:34.905,1.3198,1.32,1.60,1.60
2010.09.20 01:29:35.155,1.3198,1.32,3.20,1.60
2010.09.20 01:29:43.068,1.3198,1.32,1.60,1.60
2010.09.20 01:29:43.362,1.3198,1.32,1.60,1.60
2010.09.20 01:29:44.121,1.31975,1.32,3.90,2.40
2010.09.20 01:29:44.443,1.31975,1.32,3.90,3.20
2010.09.20 01:29:44.767,1.31975,1.32,3.20,3.20
2010.09.20 01:29:46.256,1.31975,1.32,1.60,3.20
2010.09.20 01:29:46.356,1.31975,1.31995,1.60,1.00
2010.09.20 01:29:46.406,1.3197,1.31995,4.80,1.00
2010.09.20 01:29:46.507,1.3197,1.31995,4.00,1.00
2010.09.20 01:29:46.558,1.3197,1.31995,3.20,1.00
2010.09.20 01:29:47.059,1.3197,1.31995,3.20,2.40
2010.09.20 01:29:47.110,1.3197,1.3199,3.20,1.60
2010.09.20 01:29:47.257,1.3197,1.3199,3.20,3.20
2010.09.20 01:29:49.201,1.3197,1.3199,3.20,3.20
2010.09.20 01:29:49.317,1.3197,1.3199,1.60,3.20
2010.09.20 01:29:50.218,1.31965,1.3199,3.20,3.20
2010.09.20 01:29:52.277,1.31965,1.3199,3.20,3.20
2010.09.20 01:29:52.597,1.3197,1.3199,1.60,3.20
2010.09.20 01:29:56.477,1.3197,1.31985,1.60,1.00
2010.09.20 01:30:06.760,1.3197,1.3199,1.60,3.20
2010.09.20 01:30:15.406,1.31965,1.3199,3.90,3.20
2010.09.20 01:30:20.606,1.31965,1.31985,3.90,1.60
2010.09.20 01:30:24.596,1.31965,1.31985,3.20,1.60
2010.09.20 01:30:31.486,1.31965,1.31985,3.20,2.40
2010.09.20 01:30:31.696,1.31965,1.31985,3.20,1.00
2010.09.20 01:30:31.756,1.3197,1.31985,1.60,1.00
2010.09.20 01:30:56.597,1.3197,1.3199,1.60,3.20
2010.09.20 01:31:25.037,1.3197,1.31985,1.60,1.00
2010.09.20 01:31:42.057,1.31975,1.31985,1.00,1.00
2010.09.20 01:31:42.179,1.3198,1.3199,1.00,1.00
2010.09.20 01:31:42.406,1.3198,1.31995,1.00,1.00
2010.09.20 01:31:42.818,1.3198,1.31995,1.80,1.00
2010.09.20 01:31:48.582,1.3198,1.32,1.80,1.60
2010.09.20 01:31:52.946,1.3198,1.32,1.60,1.60
2010.09.20 01:32:23.179,1.3198,1.32,1.00,1.60
2010.09.20 01:32:23.246,1.31975,1.32,5.00,1.60
2010.09.20 01:32:23.426,1.31975,1.32,5.00,3.20
2010.09.20 01:32:23.526,1.31975,1.32,5.00,4.80
2010.09.20 01:32:23.840,1.3198,1.32,1.00,4.80
2010.09.20 01:32:23.871,1.3198,1.32,1.00,3.20
2010.09.20 01:32:23.957,1.3198,1.32,1.00,1.60
2010.09.20 01:32:24.176,1.3198,1.32,1.60,1.60
2010.09.20 01:32:53.916,1.31985,1.32,1.60,1.60
2010.09.20 01:33:01.788,1.3198,1.32,1.60,1.60
2010.09.20 01:33:24.039,1.3198,1.32,1.60,1.60
2010.09.20 01:33:44.710,1.3198,1.32,3.20,1.00
2010.09.20 01:33:47.188,1.3198,1.31995,3.20,1.00
2010.09.20 01:33:49.227,1.31985,1.31995,1.60,1.00
2010.09.20 01:33:53.716,1.31985,1.32,1.60,1.60
2010.09.20 01:33:54.801,1.3198,1.32,3.20,1.60
2010.09.20 01:33:55.487,1.3198,1.32,1.60,1.00
2010.09.20 01:33:55.833,1.3198,1.32,3.20,1.60
2010.09.20 01:34:03.789,1.31985,1.32,1.60,1.60
2010.09.20 01:34:03.805,1.31985,1.32005,1.60,3.20
2010.09.20 01:34:45.617,1.3198,1.32,3.20,1.00
2010.09.20 01:34:54.918,1.3198,1.32,3.20,1.60
2010.09.20 01:34:56.938,1.3198,1.32,3.20,1.00
2010.09.20 01:35:25.059,1.31958,1.31978,1.60,3.20
2010.09.20 01:35:31.563,1.31968,1.31988,1.60,3.20
2010.09.20 01:35:35.462,1.31973,1.31993,1.60,1.70
2010.09.20 01:35:41.749,1.31975,1.3199,1.60,1.60
2010.09.20 01:35:53.586,1.31968,1.31988,1.60,1.40
2010.09.20 01:35:54.329,1.31964,1.31984,1.60,2.20
2010.09.20 01:36:03.048,1.31995,1.32,1.00,1.00
2010.09.20 01:36:03.167,1.31995,1.32005,1.00,1.00
2010.09.20 01:36:03.347,1.31995,1.32005,1.60,1.00
2010.09.20 01:36:47.173,1.3199,1.32015,3.20,3.20
2010.09.20 01:36:48.308,1.3199,1.3201,3.20,1.00
2010.09.20 01:36:52.768,1.31995,1.3201,1.60,1.00
2010.09.20 01:37:17.396,1.31995,1.32015,1.60,3.20
2010.09.20 01:37:42.148,1.31995,1.32015,3.20,3.20
2010.09.20 01:37:44.187,1.31995,1.32015,1.60,3.20
2010.09.20 01:37:44.864,1.31995,1.32015,3.20,3.20
2010.09.20 01:38:07.237,1.31995,1.32015,3.20,1.60
2010.09.20 01:38:08.138,1.31995,1.32015,3.20,3.20
2010.09.20 01:38:13.998,1.31995,1.32015,1.60,3.20
2010.09.20 01:38:14.627,1.3199,1.32015,3.20,3.20
2010.09.20 01:38:14.884,1.3199,1.3201,3.20,1.60
2010.09.20 01:38:16.807,1.3199,1.3201,3.20,5.60
2010.09.20 01:38:16.855,1.31985,1.32,1.60,1.00
2010.09.20 01:38:16.949,1.3198,1.32,1.60,1.00
2010.09.20 01:38:17.517,1.3198,1.32,1.60,2.40
2010.09.20 01:38:20.517,1.3198,1.32,2.30,1.60
2010.09.20 01:38:21.207,1.3198,1.32,1.60,2.40
2010.09.20 01:38:22.140,1.3198,1.32005,3.20,4.80
2010.09.20 01:38:22.388,1.3198,1.32005,3.90,4.80
2010.09.20 01:38:22.577,1.3198,1.32005,3.20,4.80
2010.09.20 01:38:22.768,1.3198,1.32005,7.20,4.80
2010.09.20 01:38:24.686,1.3198,1.32005,7.20,4.80
2010.09.20 01:38:24.923,1.3198,1.32005,3.20,4.80
2010.09.20 01:38:38.370,1.3198,1.32,3.20,1.60
2010.09.20 01:38:38.715,1.3198,1.32,1.60,3.20
2010.09.20 01:38:40.718,1.3198,1.32,3.20,1.60
2010.09.20 01:39:24.626,1.3198,1.32,3.20,1.60
2010.09.20 01:40:02.797,1.3198,1.31995,3.20,1.00
2010.09.20 01:40:02.878,1.31975,1.31995,3.30,1.60
2010.09.20 01:40:02.958,1.31975,1.31995,3.20,1.60
2010.09.20 01:40:03.117,1.31975,1.31995,3.20,3.20
2010.09.20 01:40:06.167,1.31975,1.31995,3.20,1.60
2010.09.20 01:40:06.285,1.31975,1.31995,3.20,1.00
2010.09.20 01:40:09.728,1.31975,1.31995,3.40,1.00
2010.09.20 01:40:12.807,1.31975,1.31995,3.30,1.00
2010.09.20 01:40:22.289,1.31975,1.31995,3.40,1.00
2010.09.20 01:40:22.438,1.31975,1.31995,7.30,1.00
2010.09.20 01:40:22.640,1.31975,1.32,7.30,3.20
2010.09.20 01:40:25.066,1.31975,1.32,7.40,3.20
2010.09.20 01:40:26.817,1.3198,1.32,1.00,3.20
2010.09.20 01:40:28.157,1.3198,1.32,1.00,3.20
2010.09.20 01:40:30.788,1.3198,1.32,1.00,3.20
2010.09.20 01:40:34.547,1.3198,1.32,1.00,3.20
2010.09.20 01:40:37.767,1.3198,1.32,1.00,3.20
2010.09.20 01:40:53.208,1.3198,1.32,1.60,1.60
2010.09.20 01:40:53.459,1.3198,1.32,3.20,1.60
2010.09.20 01:41:03.885,1.3198,1.32,3.20,1.60
2010.09.20 01:41:04.421,1.3198,1.32,3.20,1.60
2010.09.20 01:41:31.138,1.3198,1.32,3.20,1.60
2010.09.20 01:41:31.219,1.3198,1.32,1.60,3.20
2010.09.20 01:41:31.379,1.3198,1.31995,1.60,1.00
2010.09.20 01:41:32.528,1.3198,1.31995,1.60,1.00
2010.09.20 01:41:33.848,1.31985,1.31995,1.00,1.00
2010.09.20 01:41:33.949,1.31985,1.32,1.00,1.60
2010.09.20 01:41:34.048,1.31985,1.32,1.00,1.00
2010.09.20 01:41:40.412,1.3198,1.32,3.20,1.00
2010.09.20 01:41:41.238,1.3198,1.32,1.60,1.00
2010.09.20 01:41:41.977,1.3198,1.32,1.60,2.40
2010.09.20 01:41:44.388,1.31975,1.32,8.00,2.40
2010.09.20 01:41:44.488,1.31975,1.32,8.00,4.00
2010.09.20 01:41:44.538,1.31975,1.32,1.60,4.00
2010.09.20 01:41:44.588,1.31975,1.32,1.70,4.00
2010.09.20 01:41:44.653,1.31975,1.31995,1.70,1.00
2010.09.20 01:41:44.709,1.31975,1.31995,1.70,3.20
2010.09.20 01:42:14.757,1.31975,1.31995,1.60,3.20
2010.09.20 01:42:15.216,1.31975,1.3199,1.60,1.00
2010.09.20 01:42:16.939,1.31975,1.31995,1.60,3.20
2010.09.20 01:42:32.912,1.31975,1.31995,1.70,3.20
2010.09.20 01:42:33.108,1.31975,1.31995,1.60,3.20
2010.09.20 01:42:35.681,1.31975,1.31995,1.60,3.20
2010.09.20 01:42:36.759,1.31975,1.31995,1.60,3.20
2010.09.20 01:42:36.938,1.31975,1.31995,1.60,4.80
2010.09.20 01:42:37.119,1.31975,1.31995,1.60,6.40
2010.09.20 01:42:37.478,1.31975,1.3199,1.60,1.60
2010.09.20 01:42:38.964,1.31975,1.31995,1.60,3.20
2010.09.20 01:42:40.852,1.31975,1.31995,1.70,3.20
2010.09.20 01:42:45.028,1.31975,1.31995,1.70,3.20
2010.09.20 01:42:45.129,1.31975,1.31995,1.60,3.20
2010.09.20 01:42:45.337,1.31975,1.3199,1.60,1.60
2010.09.20 01:42:49.916,1.31975,1.31995,1.70,3.20
2010.09.20 01:42:50.849,1.31975,1.31995,1.60,3.20
2010.09.20 01:43:27.134,1.31975,1.31995,1.60,3.20
2010.09.20 01:43:27.341,1.3197,1.3199,3.20,1.00
2010.09.20 01:43:31.370,1.3197,1.3199,1.60,1.00
2010.09.20 01:43:32.100,1.3197,1.3199,3.20,1.00
2010.09.20 01:43:39.958,1.31975,1.3199,1.60,1.00
2010.09.20 01:44:02.370,1.31975,1.31995,1.60,2.40
2010.09.20 01:44:02.549,1.31975,1.31995,1.60,1.60
2010.09.20 01:44:02.728,1.31975,1.31995,3.10,1.60
2010.09.20 01:44:04.907,1.31975,1.31995,3.20,1.60
2010.09.20 01:44:05.969,1.31975,1.31995,3.30,1.60
2010.09.20 01:44:09.385,1.31975,1.31995,3.10,3.20
2010.09.20 01:44:09.465,1.31975,1.3199,1.60,1.60
2010.09.20 01:44:14.189,1.31975,1.3199,1.60,1.60
2010.09.20 01:44:14.441,1.31975,1.3199,1.60,1.60
2010.09.20 01:44:14.559,1.31975,1.31995,1.60,3.20
2010.09.20 01:44:14.699,1.31975,1.31995,1.60,2.40
2010.09.20 01:44:15.752,1.31975,1.31995,1.80,2.40
2010.09.20 01:44:16.938,1.31975,1.31995,1.70,2.40
2010.09.20 01:44:25.509,1.31975,1.31995,1.60,2.40
2010.09.20 01:44:33.757,1.31975,1.31995,1.70,2.40
2010.09.20 01:44:34.688,1.31975,1.31995,1.60,2.40
2010.09.20 01:44:35.800,1.31975,1.31995,1.70,2.40
2010.09.20 01:44:37.129,1.31975,1.31995,1.60,1.60
2010.09.20 01:44:45.244,1.31975,1.31995,2.40,1.60
2010.09.20 01:44:45.294,1.31975,1.31995,3.20,1.60
2010.09.20 01:44:47.809,1.31975,1.31995,3.30,1.60
2010.09.20 01:44:57.180,1.3198,1.32,1.60,2.40
2010.09.20 01:45:03.283,1.3198,1.32,1.60,1.60
2010.09.20 01:45:03.748,1.3198,1.32,1.60,2.40
2010.09.20 01:45:05.407,1.3199,1.32005,1.00,1.00
2010.09.20 01:45:05.692,1.3199,1.3201,1.60,4.80
2010.09.20 01:45:14.167,1.3199,1.3201,1.60,4.80
2010.09.20 01:45:15.218,1.3199,1.32005,1.60,1.60
2010.09.20 01:45:18.157,1.3199,1.3201,1.60,4.80
2010.09.20 01:45:18.490,1.3199,1.32005,1.60,1.60
2010.09.20 01:46:05.302,1.3199,1.3201,1.60,4.80
2010.09.20 01:46:05.678,1.3199,1.32005,1.60,1.60
2010.09.20 01:46:10.048,1.3199,1.3201,1.60,4.80
2010.09.20 01:46:18.049,1.3199,1.32005,1.60,1.60
2010.09.20 01:46:34.571,1.3199,1.32005,1.60,1.00
2010.09.20 01:46:36.330,1.3199,1.32005,2.00,1.00
2010.09.20 01:46:37.220,1.3199,1.32005,1.60,1.00
2010.09.20 01:46:37.441,1.3199,1.3201,1.60,4.00
2010.09.20 01:46:39.030,1.3199,1.3201,1.70,2.40
2010.09.20 01:46:39.998,1.3199,1.3201,1.60,2.40
2010.09.20 01:46:40.666,1.3199,1.3201,1.60,2.40
2010.09.20 01:46:41.910,1.3199,1.32005,1.60,1.00
2010.09.20 01:46:51.894,1.3199,1.32005,1.60,1.60
2010.09.20 01:46:52.634,1.3199,1.32005,1.60,1.00
2010.09.20 01:47:01.698,1.31985,1.32005,1.70,1.00
2010.09.20 01:47:01.910,1.3198,1.31985,7.40,1.00
2010.09.20 01:47:02.071,1.3198,1.31985,2.30,1.00
2010.09.20 01:47:02.231,1.3198,1.31985,1.60,1.00
2010.09.20 01:47:02.709,1.3198,1.31985,3.20,1.00
2010.09.20 01:47:05.229,1.3198,1.31995,3.20,1.20
2010.09.20 01:47:05.468,1.3198,1.32005,3.20,4.80
2010.09.20 01:47:11.598,1.3198,1.32005,3.20,10.80
2010.09.20 01:47:11.731,1.3198,1.3199,3.20,2.40
2010.09.20 01:47:11.861,1.3197,1.31985,4.00,1.00
2010.09.20 01:47:12.387,1.31965,1.31985,1.60,2.40
2010.09.20 01:47:12.517,1.3196,1.31975,1.60,1.00
2010.09.20 01:47:12.860,1.3196,1.31975,1.60,1.60
2010.09.20 01:47:15.239,1.3196,1.31985,6.40,2.40
2010.09.20 01:47:15.432,1.3196,1.31985,6.70,2.40
2010.09.20 01:47:16.471,1.3196,1.31985,8.30,2.40
2010.09.20 01:47:16.809,1.3196,1.31985,8.50,2.40
2010.09.20 01:47:17.799,1.3196,1.31985,8.40,2.40
2010.09.20 01:47:18.706,1.3196,1.31985,10.80,1.00
2010.09.20 01:47:18.819,1.31965,1.31985,1.00,1.00
2010.09.20 01:47:18.930,1.31965,1.31985,1.60,1.00
2010.09.20 01:47:19.039,1.31965,1.3199,7.20,2.40
2010.09.20 01:47:19.588,1.3197,1.3199,1.60,2.40
2010.09.20 01:47:21.164,1.3197,1.3199,1.60,1.00
2010.09.20 01:47:21.321,1.3197,1.3199,8.00,1.00
2010.09.20 01:47:21.479,1.3197,1.31995,9.60,2.40
2010.09.20 01:47:21.949,1.31975,1.31995,1.60,2.40
2010.09.20 01:47:24.635,1.31975,1.31995,1.60,1.00
2010.09.20 01:47:29.601,1.31975,1.31995,1.60,1.00
2010.09.20 01:47:30.609,1.3198,1.31995,1.60,1.00
2010.09.20 01:47:33.474,1.3198,1.31995,1.60,1.60
2010.09.20 01:47:33.663,1.3198,1.3199,1.60,1.00
2010.09.20 01:47:33.850,1.31975,1.3199,1.60,1.00
2010.09.20 01:47:34.402,1.31975,1.31995,1.60,1.00
2010.09.20 01:47:34.712,1.31975,1.31995,5.60,1.00
2010.09.20 01:47:35.483,1.31975,1.32,1.60,2.40
2010.09.20 01:47:37.390,1.31975,1.3199,1.60,1.60
2010.09.20 01:47:41.098,1.3197,1.3199,3.20,1.00
2010.09.20 01:47:41.373,1.3197,1.31995,3.20,1.60
2010.09.20 01:47:41.652,1.3197,1.31995,3.20,4.80
2010.09.20 01:47:41.930,1.3197,1.3199,3.20,1.00
2010.09.20 01:47:43.929,1.3197,1.3199,3.20,1.00
2010.09.20 01:47:49.385,1.3197,1.31995,4.80,2.40
2010.09.20 01:47:49.661,1.3197,1.31995,4.80,4.00
2010.09.20 01:47:49.942,1.3197,1.31995,3.20,4.00
2010.09.20 01:47:50.219,1.3197,1.31995,3.20,4.80
2010.09.20 01:47:56.361,1.3197,1.31995,3.20,3.20
2010.09.20 01:47:56.549,1.3197,1.3199,3.20,1.00
2010.09.20 01:47:57.041,1.3197,1.31995,3.20,3.20
2010.09.20 01:47:57.381,1.3197,1.3199,3.20,1.00
2010.09.20 01:48:43.987,1.3197,1.3199,3.20,1.00
2010.09.20 01:49:09.613,1.31958,1.31978,1.60,2.20
2010.09.20 01:49:12.131,1.31954,1.31979,6.40,1.60
2010.09.20 01:49:12.368,1.31951,1.31976,1.60,7.10
2010.09.20 01:49:13.226,1.3195,1.31975,5.60,1.60
2010.09.20 01:49:15.075,1.31951,1.31971,10.40,1.60
2010.09.20 01:49:15.421,1.31951,1.31971,1.60,7.00
2010.09.20 01:49:15.784,1.3195,1.31975,1.60,1.60
2010.09.20 01:49:18.636,1.31955,1.31975,1.60,7.00
2010.09.20 01:49:19.556,1.31956,1.31981,3.20,1.60
2010.09.20 01:49:20.562,1.3196,1.31985,4.80,1.60
2010.09.20 01:49:21.878,1.31962,1.31987,1.60,3.00
2010.09.20 01:49:22.242,1.31961,1.31986,1.60,3.00
2010.09.20 01:49:26.542,1.3196,1.3198,1.60,1.60
2010.09.20 01:49:27.510,1.31954,1.31979,1.60,1.60
2010.09.20 01:49:27.694,1.31951,1.31976,1.60,1.60
2010.09.20 01:49:27.887,1.3195,1.31975,1.00,1.60
2010.09.20 01:49:28.882,1.31947,1.31972,1.60,1.60
2010.09.20 01:49:30.653,1.31943,1.31968,1.60,1.60
2010.09.20 01:49:31.180,1.31937,1.31967,1.00,1.60
2010.09.20 01:49:41.868,1.31938,1.31963,1.60,1.60
2010.09.20 01:49:44.598,1.31938,1.31963,1.60,7.00
2010.09.20 01:49:47.619,1.31939,1.31964,1.60,1.60
2010.09.20 01:49:47.962,1.31937,1.31967,1.60,1.60
2010.09.20 01:49:48.194,1.31942,1.31962,1.60,3.00
2010.09.20 01:49:48.999,1.31939,1.31964,3.20,1.60
2010.09.20 01:49:56.741,1.31937,1.31962,1.60,1.00
2010.09.20 01:49:57.104,1.31938,1.31958,1.60,7.00
2010.09.20 01:49:57.815,1.31935,1.31955,1.60,1.60
2010.09.20 01:49:58.891,1.31926,1.31951,1.60,1.00
2010.09.20 01:49:59.133,1.31925,1.31945,1.60,1.00
2010.09.20 01:50:28.909,1.31975,1.3199,1.60,1.00
2010.09.20 01:50:45.732,1.3197,1.3199,3.20,1.00
2010.09.20 01:50:46.838,1.31975,1.3199,1.60,1.00
2010.09.20 01:50:47.601,1.3197,1.3199,3.20,1.00
2010.09.20 01:51:30.939,1.31975,1.3199,1.60,1.00
2010.09.20 01:51:31.172,1.3198,1.3199,1.00,1.00
2010.09.20 01:51:31.401,1.31985,1.32,1.00,1.00
2010.09.20 01:51:31.720,1.31985,1.32,1.60,1.00
2010.09.20 01:51:32.571,1.31985,1.32005,1.60,3.20
2010.09.20 01:51:49.990,1.31985,1.32005,1.60,2.40
2010.09.20 01:51:52.419,1.31985,1.3201,1.60,4.80
2010.09.20 01:51:53.212,1.31985,1.32005,1.60,1.00
2010.09.20 01:51:55.377,1.3199,1.32005,1.60,1.00
2010.09.20 01:52:06.782,1.31985,1.32005,1.60,1.00
2010.09.20 01:52:08.104,1.31985,1.32005,1.60,1.60
2010.09.20 01:52:22.270,1.31985,1.32005,1.60,1.00
2010.09.20 01:52:22.402,1.31985,1.3201,4.80,3.20
2010.09.20 01:52:22.530,1.3199,1.3201,1.60,3.20
2010.09.20 01:52:22.660,1.3199,1.3201,1.60,3.20
2010.09.20 01:52:22.795,1.3199,1.3201,1.60,1.60
2010.09.20 01:52:23.500,1.31995,1.3201,1.60,1.60
2010.09.20 01:52:29.669,1.3199,1.3201,1.60,3.20
2010.09.20 01:52:31.197,1.3199,1.32005,1.60,1.60
2010.09.20 01:52:31.476,1.3199,1.3201,1.60,1.00
2010.09.20 01:52:32.205,1.31995,1.3201,1.60,1.00
2010.09.20 01:52:36.176,1.31995,1.3202,8.80,2.40
2010.09.20 01:52:36.363,1.32,1.3202,1.60,2.40
2010.09.20 01:52:44.836,1.32005,1.3202,1.00,2.40
2010.09.20 01:52:44.914,1.32005,1.3202,1.00,1.00
2010.09.20 01:52:45.638,1.32005,1.32025,1.60,3.20
2010.09.20 01:52:47.009,1.32005,1.32025,1.60,3.20
2010.09.20 01:52:56.330,1.32005,1.32025,1.60,3.20
2010.09.20 01:53:02.368,1.32005,1.32025,1.60,1.60
2010.09.20 01:53:03.989,1.32005,1.32025,1.60,2.40
2010.09.20 01:53:04.258,1.32015,1.3203,1.60,1.60
2010.09.20 01:53:04.512,1.32015,1.32035,1.60,3.20
2010.09.20 01:53:12.440,1.32015,1.32035,1.60,3.20
2010.09.20 01:53:12.590,1.32015,1.32035,1.60,2.40
2010.09.20 01:53:13.206,1.32015,1.32035,1.60,1.60
2010.09.20 01:53:13.557,1.32015,1.32035,2.40,3.20
2010.09.20 01:53:20.094,1.32015,1.32035,3.20,1.60
2010.09.20 01:53:28.951,1.32015,1.32035,2.40,1.60
2010.09.20 01:53:29.589,1.32015,1.32035,2.40,3.20
2010.09.20 01:53:47.072,1.32015,1.32035,1.60,4.00
2010.09.20 01:54:04.233,1.32015,1.32035,1.60,4.00
2010.09.20 01:54:20.289,1.32015,1.32035,1.60,2.40
2010.09.20 01:54:29.168,1.32015,1.32035,1.60,1.60
2010.09.20 01:54:42.230,1.32015,1.32035,1.60,1.60
2010.09.20 01:54:46.569,1.32015,1.32035,1.60,2.50
2010.09.20 01:54:47.888,1.32015,1.32035,1.60,3.30
2010.09.20 01:55:08.830,1.32015,1.32035,1.60,2.50
2010.09.20 01:55:12.573,1.32015,1.32035,2.30,2.50
2010.09.20 01:55:12.771,1.32015,1.32035,2.30,2.40
2010.09.20 01:55:14.179,1.32015,1.32035,2.30,1.60
2010.09.20 01:55:14.442,1.32015,1.32035,1.60,1.60
2010.09.20 01:55:15.178,1.32015,1.32035,2.30,1.60
2010.09.20 01:55:21.389,1.32015,1.32035,3.10,1.60
2010.09.20 01:55:29.820,1.32015,1.32035,2.30,1.60
2010.09.20 01:55:31.989,1.32015,1.32035,3.10,1.60
2010.09.20 01:55:33.440,1.32015,1.32035,2.30,1.60
2010.09.20 01:55:35.110,1.3202,1.32035,1.60,1.60
2010.09.20 01:55:40.468,1.32015,1.32035,2.30,1.60
2010.09.20 01:55:44.019,1.32015,1.32035,1.60,1.60
2010.09.20 01:55:47.805,1.32015,1.3204,1.60,4.80
2010.09.20 01:55:48.151,1.32015,1.32035,1.60,1.00
2010.09.20 01:55:52.449,1.32015,1.3204,1.60,4.80
2010.09.20 01:56:05.434,1.32015,1.32035,1.60,2.40
2010.09.20 01:56:09.806,1.3201,1.32035,3.20,2.40
2010.09.20 01:56:09.975,1.3201,1.3203,3.20,1.60
2010.09.20 01:56:10.140,1.3201,1.3203,1.60,3.20
2010.09.20 01:56:14.253,1.3201,1.3203,1.60,3.20
2010.09.20 01:56:18.492,1.3201,1.3203,1.60,1.00
2010.09.20 01:56:18.816,1.3201,1.32025,1.60,1.60
2010.09.20 01:56:19.630,1.3201,1.3203,1.60,3.20
2010.09.20 01:56:26.786,1.3201,1.32025,1.60,1.60
2010.09.20 01:56:37.628,1.3201,1.32025,1.60,3.20
2010.09.20 01:56:45.441,1.3201,1.3203,1.60,3.20
2010.09.20 01:56:47.073,1.3201,1.32025,1.60,1.60
2010.09.20 01:56:48.548,1.3201,1.3203,1.60,3.20
2010.09.20 01:57:00.811,1.32015,1.3203,1.60,3.20
2010.09.20 01:57:52.260,1.32015,1.3203,1.60,2.40
2010.09.20 01:57:52.462,1.32015,1.3203,1.60,1.00
2010.09.20 01:58:02.480,1.32015,1.3203,1.60,2.40
2010.09.20 01:58:02.590,1.32015,1.3203,1.60,3.20
2010.09.20 01:58:03.812,1.32015,1.3203,1.60,2.40
2010.09.20 01:58:05.923,1.32015,1.3203,1.60,1.00
2010.09.20 01:58:28.250,1.32015,1.3203,1.60,2.40
2010.09.20 01:58:33.654,1.32015,1.32035,1.60,3.20
2010.09.20 01:58:37.499,1.32015,1.32035,1.60,4.80
2010.09.20 01:59:04.609,1.32015,1.3203,1.60,1.60
2010.09.20 01:59:27.849,1.32015,1.3203,1.60,3.20
2010.09.20 01:59:28.129,1.32015,1.3203,1.60,1.60
2010.09.20 01:59:28.874,1.32015,1.3203,1.60,2.40
2010.09.20 01:59:39.401,1.32015,1.3203,1.60,1.00
2010.09.20 01:59:40.664,1.32015,1.32035,1.60,4.80
2010.09.20 01:59:46.742,1.32015,1.32035,1.60,4.80
2010.09.20 01:59:47.086,1.32015,1.32035,1.60,4.80
2010.09.20 01:59:48.624,1.32015,1.3203,1.60,3.20
2010.09.20 01:59:55.333,1.32015,1.3203,1.60,2.40
