2017.08.10 06:00:00.276,1.13335,1.13348,1.75,1.89
2017.08.10 06:00:00.791,1.13335,1.13348,1.75,2.64
2017.08.10 06:00:01.373,1.13336,1.13347,1.50,1.01
2017.08.10 06:00:03.166,1.13337,1.1335,2.25,1.14
2017.08.10 06:00:03.717,1.13335,1.13349,3.00,1.14
2017.08.10 06:00:05.690,1.13338,1.13351,1.75,1.14
2017.08.10 06:00:05.899,1.13338,1.13351,1.75,1.12
2017.08.10 06:00:07.274,1.13338,1.13352,4.20,1.12
2017.08.10 06:00:08.186,1.13339,1.13352,3.45,1.37
2017.08.10 06:00:08.688,1.1334,1.13354,2.70,2.62
2017.08.10 06:00:12.618,1.13344,1.13356,1.00,3.00
2017.08.10 06:00:12.669,1.13345,1.13357,2.32,3.00
2017.08.10 06:00:12.772,1.13348,1.1336,1.12,1.87
2017.08.10 06:00:12.875,1.13347,1.13361,3.07,3.00
2017.08.10 06:00:13.894,1.13348,1.13358,1.75,1.00
2017.08.10 06:00:14.200,1.13348,1.13362,6.07,1.75
2017.08.10 06:00:14.721,1.13349,1.13362,2.70,1.50
2017.08.10 06:00:15.204,1.13353,1.13366,1.50,2.62
2017.08.10 06:00:15.514,1.13358,1.13366,1.50,1.00
2017.08.10 06:00:15.566,1.13358,1.13369,1.50,1.37
2017.08.10 06:00:16.086,1.13358,1.1337,1.75,2.25
2017.08.10 06:00:17.185,1.13358,1.13367,1.75,1.00
2017.08.10 06:00:17.687,1.13358,1.13369,1.50,1.50
2017.08.10 06:00:18.400,1.13358,1.13368,1.12,1.50
2017.08.10 06:00:19.822,1.13358,1.13367,1.50,1.00
2017.08.10 06:00:20.359,1.13358,1.13367,1.12,1.12
2017.08.10 06:00:21.106,1.13358,1.13367,1.50,1.00
2017.08.10 06:00:21.615,1.13358,1.13369,1.50,1.50
2017.08.10 06:00:23.607,1.13358,1.13369,1.12,1.75
2017.08.10 06:00:24.630,1.13358,1.13367,2.25,1.00
2017.08.10 06:00:26.405,1.13356,1.13366,3.00,1.00
2017.08.10 06:00:29.296,1.13357,1.13366,2.25,1.00
2017.08.10 06:00:29.500,1.13358,1.13371,3.75,2.25
2017.08.10 06:00:29.602,1.13359,1.13372,1.75,1.75
2017.08.10 06:00:39.740,1.13358,1.1337,1.75,1.50
2017.08.10 06:00:46.175,1.13358,1.13371,2.25,1.50
2017.08.10 06:00:50.361,1.13358,1.13371,1.75,1.75
2017.08.10 06:00:55.664,1.13358,1.13373,4.72,1.87
2017.08.10 06:01:00.475,1.13357,1.13371,2.62,2.31
2017.08.10 06:01:00.810,1.13357,1.13367,1.87,1.00
2017.08.10 06:01:01.272,1.13357,1.13367,1.50,1.12
2017.08.10 06:01:05.692,1.13353,1.13363,4.50,1.00
2017.08.10 06:01:05.896,1.13352,1.13363,1.87,1.00
2017.08.10 06:01:06.253,1.13351,1.13358,1.75,1.50
2017.08.10 06:01:06.456,1.13338,1.13347,1.12,2.10
2017.08.10 06:01:06.576,1.13335,1.13347,3.00,3.22
2017.08.10 06:01:06.628,1.13331,1.13345,2.25,2.66
2017.08.10 06:01:06.730,1.1333,1.13338,1.37,1.50
2017.08.10 06:01:06.884,1.13325,1.13338,1.37,3.60
2017.08.10 06:01:07.431,1.13325,1.13338,1.12,4.31
2017.08.10 06:01:09.971,1.13323,1.13336,1.87,1.37
2017.08.10 06:01:10.472,1.13324,1.13336,1.87,3.07
2017.08.10 06:01:18.410,1.13321,1.13326,2.62,1.12
2017.08.10 06:01:18.462,1.13313,1.13323,2.25,1.87
2017.08.10 06:01:18.513,1.13309,1.13319,1.50,1.50
2017.08.10 06:01:18.617,1.13313,1.13321,1.00,3.00
2017.08.10 06:01:18.721,1.13315,1.13327,1.50,1.95
2017.08.10 06:01:18.825,1.13319,1.13329,1.00,3.37
2017.08.10 06:01:18.928,1.13326,1.13338,1.00,4.57
2017.08.10 06:01:18.980,1.13329,1.13338,1.00,3.82
2017.08.10 06:01:19.032,1.13329,1.13339,1.00,1.20
2017.08.10 06:01:19.135,1.13329,1.13342,1.75,2.32
2017.08.10 06:01:19.679,1.13332,1.13344,1.00,3.37
2017.08.10 06:01:20.188,1.1333,1.13344,2.25,3.37
2017.08.10 06:01:20.699,1.13331,1.13344,2.25,2.62
2017.08.10 06:01:21.216,1.13334,1.13347,2.25,1.12
2017.08.10 06:01:21.319,1.13336,1.13348,3.00,1.12
2017.08.10 06:01:25.233,1.13337,1.13352,1.12,4.12
2017.08.10 06:01:33.554,1.13335,1.13348,2.62,1.50
2017.08.10 06:01:33.656,1.13334,1.13347,3.37,1.12
2017.08.10 06:01:36.954,1.13336,1.13348,1.37,1.00
2017.08.10 06:01:45.345,1.13337,1.13348,1.00,1.37
2017.08.10 06:01:46.082,1.13336,1.13348,1.00,2.25
2017.08.10 06:01:55.292,1.13334,1.13347,1.37,2.25
2017.08.10 06:01:55.793,1.13333,1.13347,1.87,2.25
2017.08.10 06:02:00.695,1.13335,1.13345,1.00,1.00
2017.08.10 06:02:01.843,1.13332,1.13343,2.62,1.00
2017.08.10 06:02:02.171,1.13329,1.13343,1.87,1.75
2017.08.10 06:02:04.504,1.1333,1.13342,1.50,1.75
2017.08.10 06:02:06.172,1.13331,1.13342,1.00,1.75
2017.08.10 06:02:06.377,1.13331,1.13342,1.87,1.00
2017.08.10 06:02:09.002,1.13333,1.13345,1.37,1.75
2017.08.10 06:02:09.698,1.13333,1.13347,2.62,1.75
2017.08.10 06:02:11.878,1.13334,1.13347,3.37,1.75
2017.08.10 06:02:12.669,1.13335,1.13349,1.12,1.87
2017.08.10 06:02:15.525,1.13336,1.13347,1.37,1.00
2017.08.10 06:02:36.734,1.13338,1.13351,3.00,1.87
2017.08.10 06:02:41.029,1.13337,1.1335,1.37,1.75
2017.08.10 06:02:58.193,1.13336,1.13349,1.37,2.70
2017.08.10 06:03:02.393,1.13333,1.13347,2.62,1.87
2017.08.10 06:03:18.703,1.13334,1.13347,3.37,1.50
2017.08.10 06:03:57.963,1.13333,1.13347,5.25,2.62
2017.08.10 06:03:58.014,1.13333,1.13346,3.37,1.75
2017.08.10 06:04:00.611,1.13334,1.13348,4.12,1.87
2017.08.10 06:04:00.713,1.13334,1.13348,3.37,1.87
2017.08.10 06:04:04.500,1.13334,1.13348,2.62,3.07
2017.08.10 06:04:23.370,1.13332,1.13344,5.25,1.00
2017.08.10 06:04:23.525,1.1333,1.13342,1.12,1.87
2017.08.10 06:04:23.679,1.13329,1.13341,1.87,2.25
2017.08.10 06:04:24.036,1.1333,1.13344,3.37,3.45
2017.08.10 06:04:24.538,1.13332,1.13344,1.00,1.87
2017.08.10 06:04:25.437,1.13331,1.13345,3.37,1.75
2017.08.10 06:04:25.993,1.13332,1.13346,1.12,4.57
2017.08.10 06:05:14.176,1.13332,1.13342,1.12,1.00
2017.08.10 06:05:23.852,1.13331,1.13343,2.47,1.12
2017.08.10 06:05:24.634,1.13334,1.13347,2.10,1.12
2017.08.10 06:05:28.380,1.13336,1.13348,2.25,1.75
2017.08.10 06:05:28.686,1.13339,1.13349,1.50,1.75
2017.08.10 06:05:28.923,1.1334,1.13352,2.47,1.75
2017.08.10 06:05:28.974,1.13342,1.13353,1.50,2.62
2017.08.10 06:05:29.179,1.13346,1.13356,1.00,1.75
2017.08.10 06:05:29.281,1.13346,1.13358,2.62,1.50
2017.08.10 06:05:29.853,1.13346,1.13358,3.37,1.12
2017.08.10 06:05:35.076,1.13352,1.13362,1.50,2.25
2017.08.10 06:05:35.282,1.1336,1.1337,1.00,1.12
2017.08.10 06:05:35.385,1.13362,1.1337,1.00,1.37
2017.08.10 06:05:35.576,1.13361,1.13375,4.12,4.12
2017.08.10 06:05:38.599,1.13362,1.13372,1.12,1.00
2017.08.10 06:05:40.303,1.13362,1.13372,1.00,1.50
2017.08.10 06:05:42.488,1.13361,1.13372,1.00,1.75
2017.08.10 06:05:44.790,1.13361,1.13372,1.87,1.12
2017.08.10 06:05:45.099,1.1337,1.13376,1.00,1.75
2017.08.10 06:05:45.150,1.13365,1.13376,1.50,1.75
2017.08.10 06:05:45.201,1.13363,1.13372,2.62,1.00
2017.08.10 06:05:45.406,1.13355,1.13366,1.75,1.00
2017.08.10 06:05:45.509,1.13355,1.13362,1.50,1.00
2017.08.10 06:05:45.612,1.13349,1.1336,3.00,1.50
2017.08.10 06:05:45.664,1.13348,1.13359,1.37,1.75
2017.08.10 06:05:45.766,1.13344,1.13357,1.12,1.50
2017.08.10 06:05:45.869,1.13344,1.13357,1.37,1.75
2017.08.10 06:05:58.118,1.13343,1.13357,1.15,2.62
2017.08.10 06:06:02.634,1.13345,1.13356,1.02,1.75
2017.08.10 06:06:04.095,1.13345,1.13357,1.15,4.12
2017.08.10 06:06:04.616,1.13343,1.13355,1.75,1.50
2017.08.10 06:06:04.953,1.13343,1.13355,1.12,1.75
2017.08.10 06:06:06.125,1.13342,1.13354,1.50,1.75
2017.08.10 06:06:08.055,1.13344,1.13355,1.00,1.75
2017.08.10 06:06:08.565,1.13343,1.13355,1.12,1.75
2017.08.10 06:06:43.108,1.13344,1.13356,1.37,2.62
2017.08.10 06:06:43.264,1.13344,1.13355,1.37,2.25
2017.08.10 06:06:43.472,1.13342,1.13355,1.87,4.50
2017.08.10 06:06:43.950,1.13344,1.13357,1.12,1.75
2017.08.10 06:07:00.800,1.13343,1.13354,1.13,1.12
2017.08.10 06:07:09.318,1.13342,1.13354,1.38,2.25
2017.08.10 06:07:17.194,1.13343,1.13353,1.12,1.50
2017.08.10 06:07:17.708,1.13342,1.13352,1.12,4.87
2017.08.10 06:07:21.342,1.13343,1.13354,1.00,4.12
2017.08.10 06:07:21.857,1.13344,1.13354,1.00,3.75
2017.08.10 06:07:22.983,1.13343,1.13352,1.00,1.50
2017.08.10 06:07:28.170,1.13342,1.13353,1.12,2.25
2017.08.10 06:07:40.471,1.13343,1.13353,1.00,1.75
2017.08.10 06:07:40.977,1.13343,1.13354,1.12,1.12
2017.08.10 06:07:45.066,1.13344,1.13355,1.00,3.00
2017.08.10 06:07:48.566,1.13344,1.13349,1.00,1.50
2017.08.10 06:07:48.618,1.13341,1.13351,1.75,2.25
2017.08.10 06:07:48.669,1.13338,1.13347,2.62,1.00
2017.08.10 06:07:48.826,1.13336,1.13346,1.50,1.12
2017.08.10 06:07:48.930,1.13336,1.13346,1.12,1.87
2017.08.10 06:07:49.032,1.13334,1.13346,1.87,3.00
2017.08.10 06:07:49.186,1.13331,1.13342,1.75,3.37
2017.08.10 06:07:49.289,1.1333,1.13339,1.12,1.87
2017.08.10 06:07:49.442,1.13329,1.13339,1.00,2.25
2017.08.10 06:07:49.952,1.13328,1.13339,1.00,3.37
2017.08.10 06:07:50.478,1.13326,1.13336,1.50,1.12
2017.08.10 06:07:50.787,1.13324,1.13334,1.00,3.37
2017.08.10 06:07:50.839,1.13322,1.13334,1.12,3.56
2017.08.10 06:07:51.529,1.13322,1.13333,1.00,1.75
2017.08.10 06:07:52.878,1.13323,1.13333,1.00,1.75
2017.08.10 06:08:00.777,1.13319,1.13329,1.75,1.37
2017.08.10 06:08:00.981,1.13314,1.13324,1.50,1.50
2017.08.10 06:08:01.388,1.13313,1.13323,1.12,1.37
2017.08.10 06:08:02.008,1.13314,1.13323,1.00,1.37
2017.08.10 06:08:03.393,1.13314,1.13324,1.50,1.00
2017.08.10 06:08:04.054,1.13314,1.13324,1.12,1.37
2017.08.10 06:08:06.762,1.13314,1.13323,1.12,3.00
2017.08.10 06:08:06.865,1.13311,1.13321,1.37,3.00
2017.08.10 06:08:06.916,1.1331,1.1332,1.00,1.12
2017.08.10 06:08:07.325,1.13312,1.13321,1.00,1.87
2017.08.10 06:08:07.846,1.13312,1.13322,1.00,2.62
2017.08.10 06:08:08.634,1.13311,1.13322,1.00,1.87
2017.08.10 06:08:09.150,1.13311,1.13322,1.12,1.12
2017.08.10 06:08:09.662,1.13312,1.1332,1.00,1.00
2017.08.10 06:08:09.974,1.13308,1.13316,1.75,1.00
2017.08.10 06:08:10.229,1.133,1.13311,1.75,1.00
2017.08.10 06:08:10.281,1.133,1.13312,1.50,2.62
2017.08.10 06:08:10.527,1.13299,1.13309,1.12,1.37
2017.08.10 06:08:12.739,1.133,1.13309,1.00,1.37
2017.08.10 06:08:13.248,1.133,1.13311,1.12,1.12
2017.08.10 06:08:21.977,1.13301,1.13312,1.00,1.87
2017.08.10 06:08:22.284,1.13303,1.13313,1.00,1.75
2017.08.10 06:08:22.439,1.13306,1.13317,1.00,2.62
2017.08.10 06:08:22.492,1.13309,1.13314,1.00,1.00
2017.08.10 06:08:22.703,1.1331,1.13322,1.12,1.87
2017.08.10 06:08:26.130,1.1331,1.13321,1.00,1.75
2017.08.10 06:08:29.053,1.13308,1.13316,1.50,1.00
2017.08.10 06:08:29.257,1.13302,1.13312,1.50,1.50
2017.08.10 06:08:29.308,1.13301,1.13312,1.50,1.87
2017.08.10 06:08:30.053,1.13301,1.13311,1.00,1.75
2017.08.10 06:08:33.024,1.13302,1.13312,1.00,1.87
2017.08.10 06:08:33.329,1.13302,1.13313,1.12,1.12
2017.08.10 06:08:47.044,1.13301,1.13312,1.87,1.75
2017.08.10 06:08:47.330,1.133,1.13311,1.00,3.37
2017.08.10 06:08:47.848,1.13299,1.13311,1.12,1.87
2017.08.10 06:08:48.362,1.133,1.13311,1.00,1.87
2017.08.10 06:08:51.243,1.133,1.13312,2.25,1.87
2017.08.10 06:08:51.448,1.13301,1.13313,1.75,1.50
2017.08.10 06:08:55.748,1.13307,1.13318,1.12,1.12
2017.08.10 06:08:56.055,1.1331,1.1332,1.50,1.00
2017.08.10 06:09:02.367,1.13311,1.13322,1.50,1.37
2017.08.10 06:09:06.043,1.13312,1.13322,1.37,1.12
2017.08.10 06:09:12.421,1.1331,1.13322,1.75,1.50
2017.08.10 06:09:13.207,1.1331,1.13321,1.75,1.00
2017.08.10 06:09:20.378,1.1331,1.13322,2.25,1.00
2017.08.10 06:09:46.874,1.13312,1.13324,1.75,1.37
2017.08.10 06:09:51.569,1.13316,1.13325,1.00,1.12
2017.08.10 06:09:51.774,1.13319,1.1333,2.25,2.25
2017.08.10 06:09:52.320,1.13321,1.1333,1.12,1.50
2017.08.10 06:10:11.709,1.13322,1.13332,1.00,2.62
2017.08.10 06:10:12.006,1.13324,1.13333,1.00,1.75
2017.08.10 06:10:12.212,1.13324,1.13334,1.00,1.87
2017.08.10 06:10:12.519,1.13324,1.13334,1.50,1.12
2017.08.10 06:10:14.288,1.13325,1.13336,2.25,1.12
2017.08.10 06:10:14.339,1.13326,1.13337,1.75,1.50
2017.08.10 06:10:14.493,1.13332,1.13341,1.00,2.62
2017.08.10 06:10:14.613,1.13333,1.13343,1.75,1.87
2017.08.10 06:10:15.124,1.13334,1.13344,2.25,1.00
2017.08.10 06:10:15.657,1.13335,1.13345,1.75,1.87
2017.08.10 06:10:16.759,1.13335,1.13344,1.75,1.00
2017.08.10 06:10:17.402,1.13335,1.13345,1.75,1.12
2017.08.10 06:10:17.606,1.13336,1.13345,1.75,1.12
2017.08.10 06:10:23.523,1.13337,1.13347,2.25,2.25
2017.08.10 06:10:25.390,1.13341,1.13349,1.50,1.00
2017.08.10 06:10:25.493,1.13341,1.1335,2.25,1.00
2017.08.10 06:10:25.597,1.13344,1.13352,1.50,3.37
2017.08.10 06:10:25.853,1.13344,1.13352,2.25,1.50
2017.08.10 06:10:25.905,1.13346,1.13355,1.00,3.00
2017.08.10 06:10:26.058,1.13345,1.13355,2.25,1.87
2017.08.10 06:10:26.602,1.13345,1.13354,1.75,1.00
2017.08.10 06:10:27.146,1.13345,1.13354,2.25,1.00
2017.08.10 06:10:27.687,1.13346,1.13355,1.75,1.12
2017.08.10 06:10:29.826,1.13347,1.13356,1.75,2.25
2017.08.10 06:10:31.139,1.13347,1.13356,2.25,1.00
2017.08.10 06:10:35.290,1.13346,1.13355,2.25,1.00
2017.08.10 06:10:35.443,1.13346,1.13355,1.75,1.00
2017.08.10 06:10:41.084,1.13346,1.13356,1.75,2.25
2017.08.10 06:10:46.055,1.13348,1.13357,1.50,1.50
2017.08.10 06:10:47.043,1.13348,1.13357,1.50,1.12
2017.08.10 06:10:47.537,1.1335,1.13361,1.37,4.87
2017.08.10 06:10:47.589,1.1335,1.1336,1.75,1.12
2017.08.10 06:10:48.101,1.1335,1.13359,1.75,1.00
2017.08.10 06:10:48.659,1.1335,1.1336,1.75,2.62
2017.08.10 06:10:48.866,1.13349,1.13359,2.25,3.37
2017.08.10 06:10:57.232,1.13351,1.13359,1.00,3.37
2017.08.10 06:10:57.741,1.13349,1.13359,1.75,1.87
2017.08.10 06:10:58.256,1.13349,1.1336,1.75,1.53
2017.08.10 06:10:58.800,1.13347,1.13358,2.25,2.65
2017.08.10 06:11:02.073,1.13346,1.13357,2.25,1.15
2017.08.10 06:11:02.597,1.13346,1.13356,1.75,1.03
2017.08.10 06:11:06.138,1.13345,1.13355,1.75,1.12
2017.08.10 06:11:06.646,1.13345,1.13355,1.75,1.12
2017.08.10 06:11:18.581,1.13345,1.13354,1.75,1.12
2017.08.10 06:11:19.106,1.13345,1.13353,1.75,1.00
2017.08.10 06:11:19.708,1.13345,1.13353,1.50,1.00
2017.08.10 06:11:20.236,1.13342,1.13352,4.12,1.00
2017.08.10 06:11:20.440,1.13341,1.13351,1.75,1.00
2017.08.10 06:11:21.004,1.13341,1.13351,1.75,1.00
2017.08.10 06:11:24.384,1.13341,1.13352,1.75,2.25
2017.08.10 06:11:29.196,1.13345,1.13353,1.00,2.47
2017.08.10 06:11:29.532,1.13344,1.13354,1.50,1.50
2017.08.10 06:11:29.634,1.13343,1.13352,1.75,1.00
2017.08.10 06:11:30.144,1.13342,1.13352,1.75,1.12
2017.08.10 06:11:30.708,1.13342,1.13352,1.75,4.12
2017.08.10 06:11:40.106,1.13342,1.13351,1.50,1.00
2017.08.10 06:11:40.612,1.13341,1.13351,1.50,1.00
2017.08.10 06:11:43.847,1.13341,1.13352,1.75,4.50
2017.08.10 06:11:49.511,1.13341,1.1335,1.75,1.00
2017.08.10 06:11:50.652,1.13341,1.13351,1.75,1.12
2017.08.10 06:11:51.309,1.13343,1.13352,1.12,2.25
2017.08.10 06:11:51.721,1.13343,1.13353,1.75,2.62
2017.08.10 06:11:55.624,1.13345,1.13351,1.12,1.00
2017.08.10 06:11:55.780,1.13341,1.1335,1.50,1.12
2017.08.10 06:11:56.291,1.13338,1.1335,2.25,1.69
2017.08.10 06:11:56.440,1.1334,1.13348,1.00,1.50
2017.08.10 06:11:56.977,1.13336,1.13348,2.25,2.25
2017.08.10 06:11:58.303,1.13336,1.13346,1.75,1.00
2017.08.10 06:11:58.846,1.13337,1.13347,1.75,4.12
2017.08.10 06:11:59.380,1.13336,1.13346,1.75,1.12
2017.08.10 06:11:59.926,1.13334,1.13344,3.37,1.00
2017.08.10 06:12:00.029,1.13332,1.13343,3.37,1.50
2017.08.10 06:12:00.264,1.13337,1.13347,1.00,3.37
2017.08.10 06:12:00.521,1.13335,1.13347,2.25,1.00
2017.08.10 06:12:00.777,1.1334,1.13349,1.00,1.50
2017.08.10 06:12:01.312,1.13338,1.13349,1.75,5.25
2017.08.10 06:12:01.959,1.13338,1.13349,1.75,1.87
2017.08.10 06:12:02.465,1.13339,1.1335,1.75,1.50
2017.08.10 06:12:05.677,1.13339,1.1335,1.50,3.00
2017.08.10 06:12:05.984,1.13336,1.13348,2.25,2.25
2017.08.10 06:12:13.082,1.13336,1.13347,2.25,2.62
2017.08.10 06:12:13.283,1.13337,1.13344,1.00,2.62
2017.08.10 06:12:13.488,1.1333,1.13343,4.12,2.25
2017.08.10 06:12:13.590,1.13333,1.13342,1.00,1.50
2017.08.10 06:12:22.679,1.13332,1.13341,1.00,1.00
2017.08.10 06:12:24.085,1.1333,1.13342,2.25,1.87
2017.08.10 06:12:24.610,1.1333,1.13342,2.25,1.00
2017.08.10 06:12:24.919,1.13333,1.13345,3.00,2.62
2017.08.10 06:12:26.881,1.13334,1.13345,1.75,2.81
2017.08.10 06:12:27.293,1.13334,1.13343,1.00,2.25
2017.08.10 06:12:31.212,1.13333,1.13344,1.50,1.12
2017.08.10 06:12:34.833,1.13333,1.13345,2.25,1.50
2017.08.10 06:12:35.961,1.13334,1.13345,2.25,1.00
2017.08.10 06:12:36.342,1.13336,1.13347,2.25,1.00
2017.08.10 06:12:38.479,1.13336,1.13347,1.75,1.00
2017.08.10 06:12:39.967,1.13338,1.13348,1.50,1.00
2017.08.10 06:12:40.487,1.13338,1.13349,1.75,1.50
2017.08.10 06:12:42.746,1.13338,1.13349,1.75,1.00
2017.08.10 06:12:43.673,1.13337,1.13349,2.25,3.75
2017.08.10 06:12:43.981,1.13336,1.13347,3.37,1.37
2017.08.10 06:12:44.289,1.13337,1.13349,2.25,3.75
2017.08.10 06:12:45.528,1.13336,1.13347,1.75,1.12
2017.08.10 06:12:45.579,1.13336,1.13347,1.75,1.50
2017.08.10 06:12:45.734,1.13334,1.13345,2.25,1.00
2017.08.10 06:12:45.886,1.13331,1.13344,4.50,2.06
2017.08.10 06:12:45.988,1.13331,1.13343,1.75,2.25
2017.08.10 06:12:48.607,1.13334,1.13344,1.00,1.87
2017.08.10 06:12:49.142,1.1333,1.13341,1.75,4.12
2017.08.10 06:12:49.194,1.13329,1.1334,1.75,1.00
2017.08.10 06:12:49.298,1.13329,1.13341,1.12,1.87
2017.08.10 06:12:49.606,1.1333,1.13341,1.75,1.50
2017.08.10 06:12:55.913,1.1333,1.13342,1.75,1.12
2017.08.10 06:12:56.015,1.1333,1.13341,1.75,1.00
2017.08.10 06:12:56.605,1.1333,1.13341,1.50,2.62
2017.08.10 06:13:00.778,1.13329,1.13337,1.75,1.50
2017.08.10 06:13:00.983,1.13326,1.13337,1.75,1.50
2017.08.10 06:13:01.133,1.13326,1.13337,1.50,2.62
2017.08.10 06:13:02.900,1.13325,1.13337,1.50,1.12
2017.08.10 06:13:03.497,1.13326,1.13337,1.50,1.37
2017.08.10 06:13:06.324,1.13327,1.13338,1.50,1.87
2017.08.10 06:13:06.839,1.13329,1.13339,1.00,1.12
2017.08.10 06:13:11.736,1.13329,1.13339,1.50,1.00
2017.08.10 06:13:16.228,1.1333,1.1334,1.50,1.00
2017.08.10 06:13:18.962,1.13328,1.1334,1.75,1.50
2017.08.10 06:13:19.149,1.13327,1.13339,1.50,1.12
2017.08.10 06:13:20.050,1.1333,1.1334,1.00,1.75
2017.08.10 06:13:20.347,1.13333,1.13344,1.12,1.12
2017.08.10 06:13:26.056,1.13333,1.13344,1.50,2.62
2017.08.10 06:13:27.584,1.13333,1.13343,1.75,1.00
2017.08.10 06:13:28.114,1.13334,1.13345,1.50,3.07
2017.08.10 06:13:28.952,1.13332,1.13343,2.25,1.00
2017.08.10 06:13:29.563,1.13332,1.13344,2.25,1.50
2017.08.10 06:13:32.418,1.13333,1.13343,1.75,1.00
2017.08.10 06:13:32.826,1.13331,1.13341,3.37,1.37
2017.08.10 06:13:32.877,1.1333,1.13341,2.25,1.37
2017.08.10 06:13:33.482,1.1333,1.13341,1.75,1.50
2017.08.10 06:13:40.439,1.1333,1.13341,1.75,1.00
2017.08.10 06:13:48.511,1.13329,1.13341,1.75,3.37
2017.08.10 06:13:57.682,1.13329,1.13338,1.75,1.00
2017.08.10 06:13:58.040,1.13326,1.13337,1.75,1.00
2017.08.10 06:13:58.294,1.13328,1.1334,2.25,1.00
2017.08.10 06:14:02.115,1.13331,1.13343,1.75,1.37
2017.08.10 06:14:04.221,1.13331,1.13344,2.25,2.32
2017.08.10 06:14:04.832,1.13333,1.13343,1.12,1.50
2017.08.10 06:14:06.659,1.13331,1.13343,2.25,1.00
2017.08.10 06:14:07.355,1.13331,1.13343,1.75,1.57
2017.08.10 06:14:08.532,1.13331,1.13343,1.75,1.10
2017.08.10 06:14:13.113,1.1333,1.13342,4.12,1.00
2017.08.10 06:14:13.267,1.1333,1.13342,1.75,2.32
2017.08.10 06:14:18.024,1.13332,1.13343,1.50,1.47
2017.08.10 06:14:18.076,1.13332,1.13343,1.75,1.20
2017.08.10 06:14:22.379,1.13331,1.13343,2.25,1.37
2017.08.10 06:14:22.899,1.13331,1.13343,2.25,1.00
2017.08.10 06:14:23.651,1.13335,1.13345,1.12,1.57
2017.08.10 06:14:24.162,1.13335,1.13345,1.50,1.20
2017.08.10 06:14:25.383,1.13335,1.13345,1.50,1.95
2017.08.10 06:14:25.977,1.13334,1.13345,1.75,1.20
2017.08.10 06:14:29.305,1.13334,1.13345,1.50,1.57
2017.08.10 06:14:36.584,1.13333,1.13342,1.75,1.00
2017.08.10 06:14:36.905,1.13332,1.13342,1.50,1.12
2017.08.10 06:14:38.812,1.13331,1.13341,1.75,1.00
2017.08.10 06:14:39.547,1.13331,1.13343,1.50,1.87
2017.08.10 06:14:41.437,1.1333,1.13341,1.75,2.25
2017.08.10 06:14:41.641,1.13328,1.13339,1.50,1.87
2017.08.10 06:14:41.998,1.13326,1.13337,1.12,1.87
2017.08.10 06:14:44.001,1.13326,1.13337,1.50,1.37
2017.08.10 06:14:44.526,1.13326,1.13338,1.75,1.37
2017.08.10 06:14:45.931,1.13326,1.13338,1.50,1.87
2017.08.10 06:14:49.903,1.13328,1.13339,1.00,1.12
2017.08.10 06:14:50.060,1.13328,1.13339,1.75,1.00
2017.08.10 06:15:01.447,1.1333,1.13341,1.50,2.02
2017.08.10 06:15:01.600,1.13328,1.13339,1.75,1.57
2017.08.10 06:15:01.755,1.13327,1.13338,1.50,1.37
2017.08.10 06:15:02.277,1.13327,1.13338,1.75,1.50
2017.08.10 06:15:02.681,1.13331,1.13341,1.00,1.12
2017.08.10 06:15:02.733,1.13331,1.13342,1.50,1.37
2017.08.10 06:15:03.245,1.13334,1.13345,1.12,1.85
2017.08.10 06:15:03.590,1.13337,1.13348,1.50,1.57
2017.08.10 06:15:07.402,1.13338,1.13348,1.50,1.00
2017.08.10 06:15:09.167,1.13339,1.13349,1.50,1.20
2017.08.10 06:15:09.762,1.13339,1.13349,1.50,1.00
2017.08.10 06:15:11.493,1.13337,1.13349,1.75,1.87
2017.08.10 06:15:15.465,1.13337,1.13348,1.50,1.37
2017.08.10 06:15:16.056,1.13337,1.13348,1.75,1.00
2017.08.10 06:15:16.486,1.1334,1.1335,1.50,1.20
2017.08.10 06:15:18.430,1.13338,1.1335,1.75,3.07
2017.08.10 06:15:18.583,1.13337,1.13349,1.75,2.06
2017.08.10 06:15:19.110,1.13337,1.13347,1.50,1.00
2017.08.10 06:15:26.205,1.13337,1.13348,1.75,1.50
2017.08.10 06:15:34.225,1.13336,1.13347,1.75,1.37
2017.08.10 06:15:34.533,1.13335,1.13346,1.75,1.50
2017.08.10 06:15:35.868,1.13334,1.13345,1.75,1.87
2017.08.10 06:15:36.022,1.13332,1.13344,1.75,2.70
2017.08.10 06:15:36.432,1.13333,1.13343,1.12,1.37
2017.08.10 06:15:36.637,1.13334,1.13344,1.50,1.00
2017.08.10 06:15:37.150,1.13334,1.13345,1.75,1.00
2017.08.10 06:15:39.013,1.13334,1.13346,2.25,2.40
2017.08.10 06:15:39.689,1.13334,1.13344,1.75,1.12
2017.08.10 06:15:39.844,1.13333,1.13344,2.25,1.00
2017.08.10 06:15:40.454,1.13333,1.13345,2.25,1.95
2017.08.10 06:15:44.328,1.13332,1.13344,2.25,1.95
2017.08.10 06:15:45.331,1.13334,1.13345,1.75,1.20
2017.08.10 06:15:46.121,1.13334,1.13346,2.25,3.45
2017.08.10 06:15:50.898,1.13337,1.13347,1.12,2.32
2017.08.10 06:15:50.949,1.13339,1.13347,1.00,1.95
2017.08.10 06:15:51.155,1.13344,1.13353,1.00,1.37
2017.08.10 06:15:51.257,1.13344,1.13355,2.25,1.75
2017.08.10 06:15:51.578,1.13345,1.13356,1.75,1.68
2017.08.10 06:15:52.964,1.13344,1.13356,2.25,1.60
2017.08.10 06:15:53.476,1.13344,1.13356,2.25,1.23
2017.08.10 06:15:56.070,1.13346,1.13356,1.12,1.60
2017.08.10 06:15:56.610,1.13343,1.13354,2.25,1.87
2017.08.10 06:15:57.441,1.13343,1.13354,1.75,2.62
2017.08.10 06:15:58.084,1.13341,1.13353,3.00,1.00
2017.08.10 06:16:06.895,1.13343,1.13354,1.00,2.32
2017.08.10 06:16:07.443,1.13342,1.13353,1.75,1.95
2017.08.10 06:16:26.276,1.13341,1.13354,2.25,1.85
2017.08.10 06:16:26.819,1.13341,1.13353,2.25,1.50
2017.08.10 06:16:35.286,1.13341,1.13352,2.25,1.37
2017.08.10 06:16:35.388,1.1334,1.1335,1.75,1.00
2017.08.10 06:16:35.592,1.13341,1.13352,2.25,1.00
2017.08.10 06:16:36.098,1.13342,1.13353,1.75,1.00
2017.08.10 06:16:46.103,1.13343,1.13354,1.75,1.00
2017.08.10 06:16:48.987,1.13343,1.13354,1.75,1.50
2017.08.10 06:16:50.326,1.13342,1.13353,2.25,1.37
2017.08.10 06:16:50.381,1.13342,1.13353,2.25,1.00
2017.08.10 06:16:54.479,1.1334,1.13353,4.12,1.37
2017.08.10 06:16:54.633,1.1334,1.13351,2.25,1.50
2017.08.10 06:16:54.735,1.1334,1.13352,2.25,1.00
2017.08.10 06:16:54.939,1.13341,1.13353,2.25,1.00
2017.08.10 06:16:55.839,1.13344,1.13355,1.75,1.95
2017.08.10 06:16:56.357,1.13344,1.13355,1.50,1.37
2017.08.10 06:16:56.823,1.13344,1.13356,2.25,1.50
2017.08.10 06:16:58.251,1.13344,1.13356,2.25,1.50
2017.08.10 06:17:01.869,1.13345,1.13355,1.50,1.00
2017.08.10 06:17:06.053,1.13345,1.13356,1.75,1.50
2017.08.10 06:17:24.028,1.13343,1.13355,1.75,1.38
2017.08.10 06:17:30.136,1.13344,1.13355,1.75,1.50
2017.08.10 06:17:32.342,1.13344,1.13355,1.50,1.48
2017.08.10 06:17:32.855,1.13344,1.13355,1.75,1.10
2017.08.10 06:17:45.171,1.13346,1.13356,1.12,1.37
2017.08.10 06:17:45.697,1.13346,1.13357,1.50,1.87
2017.08.10 06:17:58.167,1.13349,1.13357,1.00,1.50
2017.08.10 06:17:58.473,1.13349,1.13358,1.00,1.20
2017.08.10 06:18:00.426,1.13348,1.13359,1.00,5.33
2017.08.10 06:18:00.936,1.13348,1.13359,1.00,4.95
2017.08.10 06:18:01.204,1.13349,1.13359,1.12,3.00
2017.08.10 06:18:04.877,1.13348,1.13359,1.00,4.50
2017.08.10 06:18:05.392,1.13346,1.13357,1.50,3.45
2017.08.10 06:18:22.428,1.13347,1.13356,1.00,1.50
2017.08.10 06:18:22.976,1.13346,1.13356,1.00,1.75
2017.08.10 06:18:23.664,1.13345,1.13356,1.12,1.75
2017.08.10 06:18:26.116,1.13345,1.13356,1.50,1.50
2017.08.10 06:18:28.406,1.13345,1.13356,1.00,2.25
2017.08.10 06:18:32.348,1.13344,1.13355,1.75,1.12
2017.08.10 06:18:33.012,1.13344,1.13355,1.50,1.37
2017.08.10 06:18:33.543,1.13344,1.13356,1.12,1.87
2017.08.10 06:18:34.063,1.13344,1.13355,1.50,1.50
2017.08.10 06:18:35.131,1.13343,1.13354,1.50,1.50
2017.08.10 06:18:35.437,1.13342,1.13353,1.12,1.12
2017.08.10 06:18:36.045,1.13342,1.13353,1.50,1.37
2017.08.10 06:18:39.829,1.13343,1.13353,1.37,1.00
2017.08.10 06:18:40.237,1.13346,1.13355,1.00,1.57
2017.08.10 06:18:40.747,1.13345,1.13355,1.12,1.50
2017.08.10 06:18:57.483,1.13344,1.13356,1.12,1.87
2017.08.10 06:18:58.351,1.13344,1.13356,1.50,1.12
2017.08.10 06:19:06.617,1.13346,1.13356,1.00,1.12
2017.08.10 06:19:07.155,1.13344,1.13354,1.50,1.50
2017.08.10 06:19:07.991,1.13344,1.13353,1.12,1.00
2017.08.10 06:19:08.502,1.13344,1.13353,1.50,1.37
2017.08.10 06:19:11.069,1.13344,1.13353,1.50,1.50
2017.08.10 06:19:11.598,1.13344,1.13353,1.50,1.37
2017.08.10 06:19:13.279,1.13344,1.13355,1.50,1.37
2017.08.10 06:19:16.656,1.13346,1.13356,1.00,1.12
2017.08.10 06:19:17.165,1.13346,1.13356,1.12,1.87
2017.08.10 06:19:20.054,1.13347,1.13356,1.00,1.37
2017.08.10 06:19:20.592,1.13347,1.13356,1.12,1.50
2017.08.10 06:19:23.620,1.13345,1.13356,1.50,1.87
2017.08.10 06:19:24.489,1.13345,1.13356,1.50,1.87
2017.08.10 06:19:31.490,1.13343,1.13355,2.25,1.00
2017.08.10 06:19:35.945,1.13343,1.13355,1.75,1.37
2017.08.10 06:19:47.451,1.13344,1.13355,1.00,1.87
2017.08.10 06:19:48.042,1.13342,1.13355,2.25,1.87
2017.08.10 06:19:51.334,1.13343,1.13355,2.25,1.12
2017.08.10 06:19:52.230,1.13342,1.13355,1.75,1.50
2017.08.10 06:19:52.752,1.13342,1.13354,2.25,1.00
2017.08.10 06:20:16.090,1.13342,1.13354,1.75,1.37
2017.08.10 06:20:17.834,1.13342,1.13354,2.25,1.00
2017.08.10 06:20:18.466,1.13342,1.13352,1.75,1.37
2017.08.10 06:20:18.722,1.13341,1.13351,1.50,1.50
2017.08.10 06:20:18.773,1.13339,1.13349,1.75,1.37
2017.08.10 06:20:19.284,1.13339,1.13349,1.75,1.37
2017.08.10 06:20:19.785,1.13338,1.13349,1.75,1.50
2017.08.10 06:20:20.473,1.13338,1.13348,1.50,1.50
2017.08.10 06:20:26.221,1.13337,1.13347,1.50,1.00
2017.08.10 06:20:26.731,1.13338,1.13348,1.00,1.12
2017.08.10 06:20:31.137,1.13339,1.13348,1.00,1.12
2017.08.10 06:20:31.437,1.1334,1.13349,1.12,1.00
2017.08.10 06:20:31.960,1.13341,1.13349,1.00,1.00
2017.08.10 06:20:34.414,1.1334,1.13351,1.12,1.12
2017.08.10 06:20:58.330,1.13336,1.13348,3.37,1.50
2017.08.10 06:20:58.381,1.13335,1.13348,1.75,2.62
2017.08.10 06:20:58.483,1.13334,1.13347,1.75,1.87
2017.08.10 06:20:59.222,1.13333,1.13346,1.75,1.12
2017.08.10 06:20:59.988,1.13332,1.13346,1.87,1.87
2017.08.10 06:21:12.821,1.13332,1.13344,1.50,1.75
2017.08.10 06:21:13.150,1.13331,1.13344,1.87,3.75
2017.08.10 06:21:13.943,1.1333,1.13343,2.25,1.75
2017.08.10 06:21:21.340,1.1333,1.13343,1.87,2.25
2017.08.10 06:21:24.584,1.13332,1.13343,1.00,1.75
2017.08.10 06:21:25.101,1.13331,1.13343,1.87,1.75
2017.08.10 06:21:32.444,1.13333,1.13344,1.00,3.75
2017.08.10 06:21:35.381,1.13332,1.13343,1.12,1.75
2017.08.10 06:21:35.889,1.13333,1.13344,1.00,1.75
2017.08.10 06:21:44.389,1.13332,1.13343,1.12,1.75
2017.08.10 06:21:44.929,1.13333,1.13343,1.00,1.75
2017.08.10 06:21:45.770,1.13332,1.13342,1.12,1.50
2017.08.10 06:21:46.276,1.13331,1.13342,1.12,1.75
2017.08.10 06:21:52.294,1.13332,1.13343,1.00,3.75
2017.08.10 06:21:56.437,1.13331,1.13343,1.12,2.25
2017.08.10 06:21:56.995,1.13332,1.13343,1.00,2.25
2017.08.10 06:21:58.681,1.1333,1.13341,1.50,3.37
2017.08.10 06:21:59.013,1.13329,1.13339,1.00,2.25
2017.08.10 06:22:02.405,1.13327,1.13338,1.12,1.75
2017.08.10 06:22:05.214,1.13325,1.13335,1.75,2.62
2017.08.10 06:22:05.521,1.1332,1.13328,1.00,1.50
2017.08.10 06:22:09.881,1.13319,1.13328,1.00,1.50
2017.08.10 06:22:10.035,1.1332,1.13329,1.12,1.12
2017.08.10 06:22:10.546,1.1332,1.1333,1.50,1.12
2017.08.10 06:22:17.392,1.13322,1.13332,1.00,1.75
2017.08.10 06:22:17.717,1.13323,1.13332,1.12,1.00
2017.08.10 06:22:18.219,1.13323,1.13334,1.50,1.87
2017.08.10 06:22:18.907,1.13323,1.13334,1.50,1.37
2017.08.10 06:22:19.443,1.13324,1.13334,1.00,1.87
2017.08.10 06:22:20.419,1.13325,1.13334,1.00,1.87
2017.08.10 06:22:20.776,1.13325,1.13335,1.00,1.12
2017.08.10 06:22:21.284,1.13326,1.13335,1.00,1.12
2017.08.10 06:22:32.013,1.13325,1.13334,1.00,1.50
2017.08.10 06:22:32.064,1.13325,1.13335,1.00,2.62
2017.08.10 06:22:32.167,1.13325,1.13335,1.00,1.87
2017.08.10 06:22:44.519,1.13326,1.13335,1.00,1.12
2017.08.10 06:22:44.571,1.13326,1.13334,1.00,1.75
2017.08.10 06:22:44.673,1.13326,1.13336,1.00,1.75
2017.08.10 06:22:44.775,1.13328,1.13338,1.00,2.25
2017.08.10 06:22:45.081,1.13329,1.13338,1.00,1.50
2017.08.10 06:22:51.203,1.13329,1.13341,1.50,1.31
2017.08.10 06:23:14.224,1.13331,1.13342,1.00,1.75
2017.08.10 06:23:14.326,1.13333,1.13344,1.00,3.37
2017.08.10 06:23:14.428,1.13333,1.13344,1.00,1.75
2017.08.10 06:23:14.996,1.13333,1.13345,1.12,3.22
2017.08.10 06:23:15.942,1.13333,1.13345,1.50,2.05
2017.08.10 06:23:25.954,1.13335,1.13346,1.00,1.87
2017.08.10 06:23:26.108,1.13337,1.13348,1.00,4.12
2017.08.10 06:23:26.271,1.13337,1.13348,1.12,1.75
2017.08.10 06:23:26.323,1.13341,1.1335,1.00,2.62
2017.08.10 06:23:26.477,1.13343,1.13354,1.00,3.37
2017.08.10 06:23:26.580,1.13343,1.13355,1.12,1.35
2017.08.10 06:23:27.096,1.13343,1.13354,1.50,1.50
2017.08.10 06:23:27.289,1.13341,1.13351,1.75,1.00
2017.08.10 06:23:27.446,1.13341,1.13352,1.12,2.25
2017.08.10 06:23:27.654,1.13343,1.13352,1.00,1.75
2017.08.10 06:23:27.757,1.13343,1.13352,1.50,1.00
2017.08.10 06:23:28.357,1.13343,1.13354,1.50,1.87
2017.08.10 06:23:29.475,1.13343,1.13354,1.12,1.87
2017.08.10 06:23:30.022,1.13343,1.13354,1.50,2.62
2017.08.10 06:23:30.535,1.13342,1.13353,1.50,2.62
2017.08.10 06:23:31.270,1.13347,1.13356,1.00,3.37
2017.08.10 06:23:31.477,1.13346,1.13355,1.00,1.67
2017.08.10 06:23:31.980,1.13345,1.13355,1.12,1.67
2017.08.10 06:23:32.672,1.13343,1.13355,1.50,2.05
2017.08.10 06:23:33.178,1.13343,1.13354,1.12,1.87
2017.08.10 06:23:33.881,1.13342,1.13354,1.00,1.12
2017.08.10 06:23:34.188,1.13345,1.13355,1.00,2.05
2017.08.10 06:23:42.198,1.13345,1.13355,1.12,1.67
2017.08.10 06:23:47.617,1.13346,1.13355,1.00,1.67
2017.08.10 06:23:50.411,1.13347,1.13355,1.00,1.67
2017.08.10 06:23:50.462,1.13345,1.13355,1.12,1.67
2017.08.10 06:23:55.120,1.13346,1.13355,1.12,1.00
2017.08.10 06:23:58.452,1.13346,1.13358,1.12,1.88
2017.08.10 06:24:01.285,1.13349,1.13358,1.00,1.75
2017.08.10 06:24:01.336,1.13351,1.13356,1.00,1.00
2017.08.10 06:24:01.490,1.13353,1.13364,1.00,1.75
2017.08.10 06:24:01.541,1.13355,1.13365,1.00,1.35
2017.08.10 06:24:01.643,1.13355,1.13365,1.12,1.35
2017.08.10 06:24:02.144,1.13355,1.13365,1.12,1.67
2017.08.10 06:24:10.336,1.13356,1.13367,1.00,1.87
2017.08.10 06:24:10.490,1.13359,1.13368,1.12,2.62
2017.08.10 06:24:10.593,1.1336,1.13371,1.00,3.97
2017.08.10 06:24:11.100,1.1336,1.13371,1.00,2.10
2017.08.10 06:24:11.609,1.13361,1.13371,1.00,2.10
2017.08.10 06:24:13.438,1.1336,1.1337,1.00,1.35
2017.08.10 06:24:17.151,1.13361,1.13371,1.00,1.75
2017.08.10 06:24:17.304,1.13361,1.13371,1.50,1.67
2017.08.10 06:24:17.952,1.13362,1.13371,1.00,1.67
2017.08.10 06:24:19.086,1.13363,1.13371,1.00,1.67
2017.08.10 06:24:19.378,1.13364,1.13375,1.00,1.75
2017.08.10 06:24:19.481,1.13365,1.13375,1.50,1.30
2017.08.10 06:24:21.278,1.13365,1.13375,1.12,1.67
2017.08.10 06:24:25.947,1.13366,1.13375,1.50,1.67
2017.08.10 06:24:25.998,1.13369,1.13375,1.00,1.67
2017.08.10 06:24:26.101,1.13366,1.13375,1.00,1.67
2017.08.10 06:24:26.610,1.13367,1.13378,1.00,3.00
2017.08.10 06:24:27.621,1.13366,1.13375,1.12,1.30
2017.08.10 06:24:28.016,1.13365,1.13375,1.00,2.10
2017.08.10 06:24:28.528,1.13364,1.13375,1.12,2.10
2017.08.10 06:24:35.356,1.13366,1.13375,1.00,1.35
2017.08.10 06:24:35.892,1.13367,1.13375,1.00,1.35
2017.08.10 06:24:36.619,1.13366,1.13375,1.00,1.35
2017.08.10 06:24:40.024,1.13365,1.13375,1.00,2.10
2017.08.10 06:24:42.282,1.13366,1.13375,1.00,2.10
2017.08.10 06:24:42.818,1.13365,1.13375,1.00,2.10
2017.08.10 06:24:43.327,1.13364,1.13375,1.12,2.10
2017.08.10 06:24:53.465,1.13365,1.13376,1.00,1.75
2017.08.10 06:24:53.720,1.13369,1.1338,1.50,1.67
2017.08.10 06:24:54.338,1.13371,1.13381,1.00,1.35
2017.08.10 06:24:54.848,1.13371,1.13381,1.12,2.10
2017.08.10 06:24:58.174,1.13371,1.13381,1.12,2.16
2017.08.10 06:25:00.315,1.13372,1.13381,1.00,1.73
2017.08.10 06:25:01.728,1.13372,1.13381,1.00,1.67
2017.08.10 06:25:02.238,1.13371,1.1338,1.12,2.47
2017.08.10 06:25:07.345,1.1337,1.13379,1.00,2.10
2017.08.10 06:25:09.636,1.13369,1.1338,1.12,3.00
2017.08.10 06:25:16.410,1.1337,1.13381,1.00,1.35
2017.08.10 06:25:16.564,1.1337,1.13381,1.50,1.67
2017.08.10 06:25:29.863,1.13372,1.13384,1.00,4.12
2017.08.10 06:25:30.017,1.13373,1.13384,1.50,1.50
2017.08.10 06:25:30.609,1.13372,1.13383,1.50,2.25
2017.08.10 06:25:33.649,1.1337,1.13382,1.87,2.25
2017.08.10 06:25:33.701,1.1337,1.13382,1.87,2.25
2017.08.10 06:25:34.241,1.1337,1.13382,1.87,2.25
2017.08.10 06:25:42.309,1.1337,1.13381,1.50,2.25
2017.08.10 06:25:45.426,1.13368,1.13379,2.25,1.00
2017.08.10 06:25:45.735,1.13369,1.13381,2.62,3.22
2017.08.10 06:25:49.667,1.1337,1.1338,1.75,1.00
2017.08.10 06:25:50.169,1.1337,1.13381,1.50,3.60
2017.08.10 06:25:54.920,1.1337,1.13381,1.50,1.67
2017.08.10 06:25:55.482,1.1337,1.13381,1.50,2.10
2017.08.10 06:26:03.609,1.1337,1.1338,1.50,1.37
2017.08.10 06:26:04.526,1.1337,1.13381,1.50,3.22
2017.08.10 06:26:09.986,1.1337,1.13381,1.12,3.60
2017.08.10 06:26:30.197,1.13368,1.13378,1.75,1.50
2017.08.10 06:26:30.401,1.13368,1.13377,1.00,1.87
2017.08.10 06:26:30.709,1.13366,1.13376,1.00,1.37
2017.08.10 06:26:31.060,1.13364,1.13373,1.12,1.00
2017.08.10 06:26:31.569,1.13362,1.13373,1.50,1.37
2017.08.10 06:26:33.723,1.13362,1.13375,1.75,4.69
2017.08.10 06:26:45.031,1.13363,1.13374,1.50,1.00
2017.08.10 06:26:46.534,1.13364,1.13375,1.50,1.00
2017.08.10 06:26:47.042,1.13364,1.13376,1.50,2.10
2017.08.10 06:27:19.197,1.13366,1.13376,1.00,2.10
2017.08.10 06:27:19.402,1.13368,1.13377,1.12,1.00
2017.08.10 06:27:21.198,1.13368,1.13381,1.50,4.87
2017.08.10 06:27:26.299,1.13368,1.13378,1.12,1.50
2017.08.10 06:27:29.176,1.13368,1.13378,1.00,1.50
2017.08.10 06:27:29.687,1.13366,1.13378,1.75,1.50
2017.08.10 06:27:33.699,1.13367,1.13377,1.00,1.37
2017.08.10 06:27:34.208,1.13366,1.13377,1.12,2.25
2017.08.10 06:27:38.607,1.13366,1.13377,1.50,2.25
2017.08.10 06:27:39.225,1.13367,1.13377,1.50,1.12
2017.08.10 06:27:44.741,1.13367,1.13378,1.50,1.50
2017.08.10 06:27:45.416,1.13367,1.13378,1.50,1.50
2017.08.10 06:27:51.052,1.13368,1.13381,1.50,4.95
2017.08.10 06:27:54.375,1.1337,1.1338,1.00,1.75
2017.08.10 06:27:54.935,1.13368,1.1338,1.50,2.10
2017.08.10 06:27:58.389,1.1337,1.1338,1.00,1.35
2017.08.10 06:28:00.201,1.13371,1.13379,1.00,1.37
2017.08.10 06:28:01.185,1.1337,1.13381,1.00,2.10
2017.08.10 06:28:02.977,1.13371,1.13383,1.00,3.00
2017.08.10 06:28:03.080,1.13378,1.13383,1.00,2.62
2017.08.10 06:28:03.183,1.13381,1.1339,1.00,1.12
2017.08.10 06:28:03.405,1.13382,1.13393,1.50,1.50
2017.08.10 06:28:03.937,1.13382,1.13393,1.50,1.50
2017.08.10 06:28:05.552,1.13382,1.13392,1.12,2.62
2017.08.10 06:28:05.654,1.13382,1.13392,1.00,2.62
2017.08.10 06:28:06.279,1.13381,1.13391,1.00,1.75
2017.08.10 06:28:06.803,1.1338,1.13389,1.12,1.00
2017.08.10 06:28:07.110,1.13378,1.13388,1.12,1.50
2017.08.10 06:28:10.551,1.13377,1.13387,1.12,1.50
2017.08.10 06:28:21.709,1.13375,1.13386,1.37,1.50
2017.08.10 06:28:21.760,1.13375,1.13386,1.12,1.75
2017.08.10 06:28:28.987,1.13375,1.13388,1.50,4.12
2017.08.10 06:28:37.593,1.13375,1.13386,1.50,1.00
2017.08.10 06:28:46.985,1.13377,1.13388,1.50,1.87
2017.08.10 06:28:53.082,1.13378,1.1339,1.87,1.75
2017.08.10 06:28:53.591,1.1338,1.13391,1.12,1.75
2017.08.10 06:28:54.324,1.1338,1.13392,1.12,3.75
2017.08.10 06:28:56.020,1.13381,1.13391,1.00,2.25
2017.08.10 06:28:56.531,1.1338,1.13391,1.00,2.25
2017.08.10 06:28:57.654,1.13381,1.13391,1.00,2.25
2017.08.10 06:29:03.040,1.13381,1.13392,1.37,1.75
2017.08.10 06:29:03.348,1.13389,1.13399,1.00,1.12
2017.08.10 06:29:03.655,1.1339,1.13401,1.00,1.75
2017.08.10 06:29:05.094,1.13391,1.13401,1.00,1.75
2017.08.10 06:29:05.248,1.13392,1.13403,1.00,1.75
2017.08.10 06:29:05.763,1.13393,1.13403,1.00,2.25
2017.08.10 06:29:06.266,1.13392,1.13403,1.00,2.25
2017.08.10 06:29:18.042,1.13392,1.13402,1.00,2.25
2017.08.10 06:29:19.337,1.13393,1.13402,1.00,2.25
2017.08.10 06:29:19.848,1.13392,1.13402,1.00,2.25
2017.08.10 06:29:20.449,1.13393,1.13402,1.00,2.25
2017.08.10 06:29:24.069,1.13392,1.13402,1.00,2.25
2017.08.10 06:29:24.578,1.13392,1.13402,1.00,1.75
2017.08.10 06:29:25.344,1.13392,1.13402,1.00,2.25
2017.08.10 06:29:25.868,1.13393,1.13402,1.00,1.75
2017.08.10 06:29:26.861,1.13393,1.13403,1.00,1.75
2017.08.10 06:29:32.186,1.13394,1.13404,1.00,4.50
2017.08.10 06:29:32.698,1.13395,1.13403,1.00,1.75
2017.08.10 06:29:33.275,1.13397,1.13401,1.00,1.00
2017.08.10 06:29:33.391,1.13397,1.13407,1.00,4.12
2017.08.10 06:29:33.493,1.13397,1.13406,1.00,1.75
2017.08.10 06:29:34.420,1.13398,1.13407,1.00,1.75
2017.08.10 06:29:34.947,1.13398,1.13408,1.50,1.75
2017.08.10 06:29:35.980,1.13399,1.13409,1.00,3.37
2017.08.10 06:29:36.545,1.13399,1.13409,1.00,1.75
2017.08.10 06:29:40.536,1.13398,1.13409,1.50,1.75
2017.08.10 06:29:46.109,1.13398,1.1341,1.87,2.25
2017.08.10 06:29:55.317,1.13399,1.1341,1.00,2.25
2017.08.10 06:29:55.627,1.13405,1.13409,1.00,1.00
2017.08.10 06:29:55.836,1.1341,1.13418,1.87,1.37
2017.08.10 06:29:55.940,1.13412,1.13419,1.00,1.37
2017.08.10 06:29:56.043,1.13413,1.13423,1.00,1.12
2017.08.10 06:29:56.554,1.1341,1.13421,2.25,1.50
2017.08.10 06:29:56.656,1.1341,1.13421,1.50,2.25
2017.08.10 06:29:57.750,1.13409,1.13418,1.12,1.00
2017.08.10 06:29:58.263,1.13409,1.13418,1.00,1.51
2017.08.10 06:29:59.588,1.13408,1.13418,1.12,1.51
2017.08.10 06:30:00.703,1.13405,1.13416,2.62,1.00
2017.08.10 06:30:00.755,1.13404,1.13415,2.25,1.37
2017.08.10 06:30:00.858,1.13402,1.13413,1.87,1.50
2017.08.10 06:30:01.062,1.13401,1.13413,1.87,2.25
2017.08.10 06:30:02.046,1.13401,1.13413,1.12,2.25
2017.08.10 06:30:02.565,1.13402,1.13413,1.00,1.75
2017.08.10 06:30:03.229,1.13402,1.13414,1.12,2.62
2017.08.10 06:30:05.466,1.13404,1.13414,1.00,1.75
2017.08.10 06:30:05.974,1.13404,1.13415,1.00,1.75
2017.08.10 06:30:06.484,1.13404,1.13415,2.25,1.75
2017.08.10 06:30:07.438,1.13405,1.13416,1.50,2.25
2017.08.10 06:30:08.785,1.13403,1.13415,1.87,1.75
2017.08.10 06:30:09.661,1.13402,1.13415,1.87,3.00
2017.08.10 06:30:10.892,1.13404,1.13416,1.00,5.25
2017.08.10 06:30:11.000,1.13405,1.13416,1.37,3.75
2017.08.10 06:30:11.053,1.13405,1.13417,1.75,1.38
2017.08.10 06:30:11.668,1.13403,1.13416,1.75,1.87
2017.08.10 06:30:12.193,1.13402,1.13416,2.62,1.87
2017.08.10 06:30:14.634,1.13406,1.13418,1.00,5.26
2017.08.10 06:30:14.686,1.1341,1.13418,1.00,2.63
2017.08.10 06:30:14.992,1.13412,1.13424,1.00,1.12
2017.08.10 06:30:15.606,1.13412,1.13424,1.50,1.12
2017.08.10 06:30:16.801,1.13412,1.13423,1.12,1.12
2017.08.10 06:30:18.660,1.13413,1.13423,1.00,1.12
2017.08.10 06:30:23.079,1.13413,1.13424,1.37,1.12
2017.08.10 06:30:23.181,1.13413,1.13424,1.50,1.00
2017.08.10 06:30:23.612,1.13415,1.13428,2.25,1.12
2017.08.10 06:30:24.020,1.13419,1.1343,1.00,1.87
2017.08.10 06:30:24.321,1.1342,1.1343,1.12,1.50
2017.08.10 06:30:24.831,1.13418,1.1343,1.50,1.12
2017.08.10 06:30:34.451,1.13415,1.13428,1.75,2.62
2017.08.10 06:30:34.604,1.13413,1.13426,2.25,1.50
2017.08.10 06:30:34.968,1.13412,1.13424,2.25,1.87
2017.08.10 06:30:35.277,1.13409,1.13422,2.62,1.75
2017.08.10 06:30:35.788,1.13408,1.13419,3.37,1.00
2017.08.10 06:30:35.840,1.13408,1.13419,1.75,1.12
2017.08.10 06:30:36.743,1.13409,1.13422,3.00,1.12
2017.08.10 06:30:39.534,1.1341,1.13422,1.00,2.62
2017.08.10 06:30:40.109,1.1341,1.13422,1.50,1.87
2017.08.10 06:30:40.759,1.13409,1.13419,1.12,1.00
2017.08.10 06:30:41.343,1.13406,1.13419,1.75,3.37
2017.08.10 06:30:41.826,1.13405,1.13418,1.50,2.62
2017.08.10 06:30:42.359,1.13404,1.13418,2.62,4.12
2017.08.10 06:30:42.869,1.13404,1.13418,1.87,4.12
2017.08.10 06:30:48.070,1.13404,1.13417,1.50,4.12
2017.08.10 06:30:52.668,1.13402,1.13416,1.87,3.37
2017.08.10 06:30:53.181,1.13404,1.13417,1.50,3.37
2017.08.10 06:30:54.463,1.13406,1.13418,1.12,1.50
2017.08.10 06:30:55.808,1.13408,1.13421,1.50,3.37
2017.08.10 06:30:57.274,1.13408,1.13421,1.87,2.62
2017.08.10 06:30:57.801,1.1341,1.13422,1.50,1.12
2017.08.10 06:30:59.165,1.13409,1.13422,1.50,2.62
2017.08.10 06:31:08.890,1.13407,1.1342,1.12,1.75
2017.08.10 06:31:11.490,1.13406,1.13419,1.12,2.25
2017.08.10 06:31:20.177,1.13406,1.13419,1.87,3.00
2017.08.10 06:31:20.716,1.13407,1.1342,1.37,3.00
2017.08.10 06:31:28.718,1.13403,1.13417,6.37,2.25
2017.08.10 06:31:29.382,1.13403,1.13416,3.75,3.00
2017.08.10 06:31:35.252,1.13405,1.13416,1.00,2.25
2017.08.10 06:31:37.047,1.13406,1.13418,1.12,2.62
2017.08.10 06:31:37.251,1.13406,1.13419,1.87,1.75
2017.08.10 06:31:51.353,1.13407,1.13418,1.50,1.00
2017.08.10 06:31:54.170,1.13406,1.1342,1.87,4.87
2017.08.10 06:31:56.611,1.1341,1.13421,2.25,4.50
2017.08.10 06:31:56.765,1.13411,1.13422,1.00,1.87
2017.08.10 06:31:57.281,1.13411,1.13422,1.00,1.87
2017.08.10 06:32:01.401,1.13409,1.13421,2.25,1.12
2017.08.10 06:32:03.585,1.13411,1.13421,1.00,1.37
2017.08.10 06:32:04.099,1.13409,1.13421,2.25,1.12
2017.08.10 06:32:04.299,1.13409,1.13419,1.87,1.00
2017.08.10 06:32:04.896,1.1341,1.13421,1.37,1.50
2017.08.10 06:32:07.020,1.1341,1.13421,3.75,1.00
2017.08.10 06:32:11.211,1.13412,1.13425,1.12,1.87
2017.08.10 06:32:11.313,1.13413,1.13424,1.37,1.00
2017.08.10 06:32:18.260,1.13413,1.13424,1.37,1.50
2017.08.10 06:32:19.873,1.13411,1.13424,1.50,2.25
2017.08.10 06:32:19.925,1.13411,1.13424,1.50,2.25
2017.08.10 06:32:30.854,1.13411,1.13422,2.62,1.00
2017.08.10 06:32:31.449,1.13411,1.13424,2.62,1.37
2017.08.10 06:32:32.879,1.13413,1.13424,1.50,1.00
2017.08.10 06:32:51.279,1.13415,1.13425,1.37,1.00
2017.08.10 06:32:51.381,1.13417,1.13428,1.37,1.12
2017.08.10 06:32:51.892,1.13418,1.13429,1.12,1.87
2017.08.10 06:32:52.423,1.13417,1.13429,1.75,1.87
2017.08.10 06:32:54.042,1.13417,1.13428,1.12,2.25
2017.08.10 06:32:54.299,1.13417,1.13428,1.12,4.12
2017.08.10 06:33:00.705,1.13414,1.13426,1.75,1.50
2017.08.10 06:33:01.215,1.13412,1.13425,2.62,1.50
2017.08.10 06:33:03.596,1.13414,1.13424,1.00,1.37
2017.08.10 06:33:13.226,1.13413,1.13424,1.00,1.37
2017.08.10 06:33:19.497,1.13414,1.13424,1.00,1.12
2017.08.10 06:33:20.004,1.13413,1.13425,2.25,1.12
2017.08.10 06:33:26.075,1.13413,1.13424,1.00,1.37
2017.08.10 06:33:26.659,1.13413,1.13423,1.37,1.00
2017.08.10 06:33:30.357,1.13412,1.13421,1.50,1.12
2017.08.10 06:33:30.561,1.13413,1.13424,2.25,1.37
2017.08.10 06:33:30.663,1.13413,1.13426,2.25,1.87
2017.08.10 06:33:31.354,1.13413,1.13426,2.25,1.87
2017.08.10 06:33:33.369,1.13412,1.13426,1.75,4.87
2017.08.10 06:33:33.925,1.13412,1.13425,1.75,1.12
2017.08.10 06:33:41.512,1.13414,1.13424,1.37,1.00
2017.08.10 06:33:41.820,1.13417,1.13429,1.37,1.12
2017.08.10 06:33:41.977,1.13417,1.13429,1.75,1.37
2017.08.10 06:33:43.202,1.13418,1.13428,1.00,1.37
2017.08.10 06:33:49.612,1.13417,1.13428,1.00,2.62
2017.08.10 06:33:50.284,1.13414,1.13427,1.12,2.62
2017.08.10 06:33:57.932,1.13415,1.13426,1.50,1.00
2017.08.10 06:33:59.402,1.13416,1.13427,1.00,1.87
2017.08.10 06:34:00.508,1.13414,1.13423,1.75,1.50
2017.08.10 06:34:00.559,1.13413,1.13425,1.75,1.87
2017.08.10 06:34:00.610,1.13415,1.13426,1.00,2.25
2017.08.10 06:34:00.799,1.13416,1.13428,1.75,1.50
2017.08.10 06:34:01.762,1.13415,1.13426,2.25,1.00
2017.08.10 06:34:02.275,1.13415,1.13427,1.75,1.50
2017.08.10 06:34:05.754,1.13417,1.13427,1.00,1.50
2017.08.10 06:34:06.278,1.13415,1.13427,1.50,1.87
2017.08.10 06:34:16.241,1.13416,1.13428,1.87,1.75
2017.08.10 06:34:16.344,1.13415,1.13427,4.50,1.00
2017.08.10 06:34:16.856,1.13415,1.13427,2.62,1.12
2017.08.10 06:34:17.667,1.13414,1.13426,3.37,1.00
2017.08.10 06:34:18.197,1.13414,1.13426,1.75,1.12
2017.08.10 06:34:18.897,1.13414,1.13425,1.75,1.00
2017.08.10 06:34:19.412,1.13413,1.13425,2.62,1.12
2017.08.10 06:34:21.270,1.13415,1.13425,1.00,1.37
2017.08.10 06:34:34.239,1.13412,1.13423,2.25,1.00
2017.08.10 06:34:36.279,1.13412,1.13424,1.87,1.87
2017.08.10 06:34:36.817,1.13412,1.13423,1.87,1.00
2017.08.10 06:34:37.465,1.13412,1.13424,1.87,1.87
2017.08.10 06:34:38.185,1.13414,1.13423,1.37,1.00
2017.08.10 06:34:38.707,1.13414,1.13424,1.37,1.12
2017.08.10 06:34:42.350,1.13415,1.13428,3.00,4.12
2017.08.10 06:34:42.402,1.13415,1.13428,3.00,1.75
2017.08.10 06:34:42.953,1.13415,1.13429,4.50,2.62
2017.08.10 06:34:55.620,1.13413,1.13425,1.75,1.00
2017.08.10 06:34:55.723,1.13413,1.13425,1.12,1.87
2017.08.10 06:34:56.279,1.13413,1.13425,1.37,1.87
2017.08.10 06:34:57.344,1.1341,1.13422,4.50,1.00
2017.08.10 06:34:57.497,1.1341,1.13422,1.87,1.50
2017.08.10 06:34:59.400,1.13407,1.13419,3.37,1.87
2017.08.10 06:34:59.452,1.13405,1.13418,3.75,1.12
2017.08.10 06:34:59.503,1.13405,1.13417,1.87,1.12
2017.08.10 06:35:06.108,1.13406,1.13417,1.75,1.00
2017.08.10 06:35:09.406,1.13406,1.13418,1.75,2.62
2017.08.10 06:35:10.287,1.13406,1.13417,1.75,1.00
2017.08.10 06:35:10.826,1.13406,1.13418,1.75,2.62
2017.08.10 06:35:11.187,1.13406,1.13416,1.75,1.00
2017.08.10 06:35:11.343,1.13402,1.13415,3.00,1.87
2017.08.10 06:35:11.446,1.13402,1.13413,1.12,1.12
2017.08.10 06:35:11.549,1.134,1.13413,1.87,1.87
2017.08.10 06:35:11.870,1.13393,1.13405,2.25,1.12
2017.08.10 06:35:12.329,1.13392,1.13404,1.12,1.50
2017.08.10 06:35:12.838,1.1339,1.13402,1.75,1.12
2017.08.10 06:35:13.344,1.13389,1.13402,3.37,1.50
2017.08.10 06:35:15.220,1.1339,1.13403,5.25,1.50
2017.08.10 06:35:17.587,1.13395,1.13406,1.00,1.50
2017.08.10 06:35:18.121,1.13393,1.13406,1.87,1.50
2017.08.10 06:35:22.746,1.13393,1.13406,1.12,1.75
2017.08.10 06:35:24.148,1.13391,1.13403,1.12,1.00
2017.08.10 06:35:24.250,1.13391,1.13403,1.12,1.50
2017.08.10 06:35:24.902,1.13391,1.13403,1.37,1.75
2017.08.10 06:35:27.240,1.1339,1.13402,3.37,1.12
2017.08.10 06:35:31.178,1.1339,1.13401,1.75,1.00
2017.08.10 06:35:35.375,1.1339,1.13402,1.75,1.12
2017.08.10 06:35:38.159,1.1339,1.13401,1.75,1.00
2017.08.10 06:35:42.442,1.1339,1.134,1.75,1.00
2017.08.10 06:35:42.634,1.13387,1.13399,2.25,1.12
2017.08.10 06:35:47.102,1.13387,1.13398,1.75,1.00
2017.08.10 06:35:47.153,1.13386,1.13395,2.62,1.00
2017.08.10 06:35:47.306,1.13383,1.13395,1.87,1.12
2017.08.10 06:35:49.064,1.13383,1.13394,1.75,1.00
2017.08.10 06:35:49.219,1.13381,1.13395,2.62,1.87
2017.08.10 06:35:49.730,1.1338,1.13392,1.87,1.12
2017.08.10 06:35:54.225,1.13381,1.13394,1.87,1.50
2017.08.10 06:35:54.742,1.13382,1.13395,3.37,1.87
2017.08.10 06:35:57.216,1.13383,1.13395,1.75,1.12
2017.08.10 06:35:57.721,1.13383,1.13394,1.75,1.00
2017.08.10 06:35:58.698,1.13382,1.13394,3.44,1.37
2017.08.10 06:35:59.431,1.13384,1.13394,1.00,1.50
2017.08.10 06:36:00.729,1.13382,1.13393,3.44,1.50
2017.08.10 06:36:02.176,1.13383,1.13393,1.08,1.50
2017.08.10 06:36:12.756,1.13383,1.13392,1.46,1.00
2017.08.10 06:36:13.270,1.13383,1.13391,1.46,1.00
2017.08.10 06:36:14.249,1.13381,1.13391,1.19,1.00
2017.08.10 06:36:16.036,1.13381,1.13392,1.19,1.12
2017.08.10 06:36:16.365,1.1338,1.1339,3.00,1.50
2017.08.10 06:36:16.564,1.13378,1.1339,1.75,2.62
2017.08.10 06:36:17.367,1.13377,1.13387,1.75,1.00
2017.08.10 06:36:17.694,1.13376,1.13385,1.00,1.12
2017.08.10 06:36:17.848,1.13374,1.13385,1.12,1.75
2017.08.10 06:36:17.983,1.13372,1.13385,2.62,1.75
2017.08.10 06:36:18.562,1.13373,1.13385,1.75,1.12
2017.08.10 06:36:20.050,1.13372,1.13385,3.37,1.50
2017.08.10 06:36:28.798,1.13372,1.13383,2.25,1.00
2017.08.10 06:36:29.004,1.1337,1.13382,2.62,1.12
2017.08.10 06:36:29.543,1.1337,1.13381,2.62,1.12
2017.08.10 06:36:37.722,1.13368,1.13381,4.87,5.44
2017.08.10 06:36:38.268,1.13368,1.1338,1.75,1.00
2017.08.10 06:36:40.568,1.13367,1.13379,1.75,1.00
2017.08.10 06:36:40.721,1.13367,1.13379,1.75,2.62
2017.08.10 06:36:44.606,1.13368,1.1338,3.75,1.12
2017.08.10 06:36:47.390,1.13369,1.13382,2.62,1.50
2017.08.10 06:36:51.023,1.1337,1.13382,3.00,1.12
2017.08.10 06:36:51.532,1.13368,1.13379,3.37,1.00
2017.08.10 06:36:51.635,1.13367,1.13379,1.75,1.12
2017.08.10 06:36:51.686,1.13367,1.13377,1.75,1.00
2017.08.10 06:36:52.210,1.13366,1.13377,3.00,1.00
2017.08.10 06:36:52.746,1.13366,1.13375,1.87,1.00
2017.08.10 06:36:53.282,1.13365,1.13375,1.87,1.00
2017.08.10 06:36:55.156,1.13365,1.13374,1.75,1.00
2017.08.10 06:36:59.388,1.13366,1.13376,1.16,1.00
2017.08.10 06:36:59.665,1.13366,1.13378,4.91,1.12
2017.08.10 06:37:00.175,1.13366,1.13377,3.04,1.00
2017.08.10 06:37:00.699,1.13367,1.13378,1.75,1.12
2017.08.10 06:37:29.181,1.13366,1.13379,1.16,2.62
2017.08.10 06:37:33.352,1.13362,1.13374,4.12,1.00
2017.08.10 06:37:33.659,1.1336,1.13368,1.00,1.50
2017.08.10 06:37:33.762,1.13358,1.13368,1.12,1.50
2017.08.10 06:37:35.189,1.13358,1.13369,2.25,1.87
2017.08.10 06:37:35.996,1.13359,1.13372,1.87,2.25
2017.08.10 06:37:36.139,1.1336,1.13372,1.50,1.75
2017.08.10 06:37:36.649,1.1336,1.13372,1.75,1.50
2017.08.10 06:37:49.164,1.13359,1.13368,1.87,1.00
2017.08.10 06:37:49.317,1.13358,1.13368,1.75,1.00
2017.08.10 06:37:49.897,1.13356,1.13367,1.87,1.12
2017.08.10 06:37:50.444,1.13356,1.13367,1.87,1.12
2017.08.10 06:38:00.397,1.13356,1.13366,1.76,1.00
2017.08.10 06:38:00.450,1.13356,1.13364,1.75,1.00
2017.08.10 06:38:00.849,1.13356,1.13366,1.75,1.00
2017.08.10 06:38:01.002,1.13361,1.13371,1.00,1.87
2017.08.10 06:38:01.155,1.13362,1.13372,1.12,1.00
2017.08.10 06:38:01.683,1.13362,1.13373,1.12,1.12
2017.08.10 06:38:02.409,1.13365,1.13376,1.12,1.75
2017.08.10 06:38:02.512,1.13365,1.13376,1.50,1.37
2017.08.10 06:38:02.564,1.13365,1.13376,1.87,1.00
2017.08.10 06:38:03.096,1.13365,1.13375,1.12,1.00
2017.08.10 06:38:03.351,1.13363,1.13373,1.12,1.00
2017.08.10 06:38:03.760,1.13361,1.13373,2.62,1.50
2017.08.10 06:38:06.113,1.13362,1.13373,1.87,1.50
2017.08.10 06:38:14.964,1.13361,1.13373,1.12,1.50
2017.08.10 06:38:16.558,1.13363,1.13374,1.87,1.50
2017.08.10 06:38:17.069,1.13363,1.13374,1.12,1.12
2017.08.10 06:38:18.072,1.13361,1.13373,1.75,1.12
2017.08.10 06:38:20.282,1.1336,1.13373,3.00,1.50
2017.08.10 06:38:25.776,1.1336,1.13372,1.12,1.50
2017.08.10 06:38:25.929,1.1336,1.13369,1.12,1.00
2017.08.10 06:38:26.082,1.1336,1.13369,1.00,1.12
2017.08.10 06:38:31.077,1.13361,1.13372,2.62,1.50
2017.08.10 06:38:31.128,1.13361,1.13373,3.00,1.75
2017.08.10 06:38:31.638,1.13363,1.13373,1.87,1.50
2017.08.10 06:38:31.936,1.13363,1.13376,4.12,1.75
2017.08.10 06:38:32.293,1.13365,1.13376,2.25,1.12
2017.08.10 06:38:35.112,1.13367,1.1338,1.87,1.75
2017.08.10 06:38:35.420,1.13368,1.1338,3.37,1.12
2017.08.10 06:38:44.433,1.13369,1.13379,1.12,1.00
2017.08.10 06:38:44.839,1.13364,1.13375,1.12,1.12
2017.08.10 06:38:46.156,1.13362,1.13375,3.37,1.50
2017.08.10 06:38:47.840,1.13362,1.13373,1.75,1.00
2017.08.10 06:38:48.044,1.1336,1.13372,3.37,1.12
2017.08.10 06:38:48.594,1.1336,1.13371,2.62,1.00
2017.08.10 06:38:55.421,1.1336,1.13372,4.50,1.12
2017.08.10 06:38:55.939,1.13361,1.13372,2.62,1.00
2017.08.10 06:38:56.485,1.13361,1.13373,2.62,1.12
2017.08.10 06:38:57.723,1.1336,1.13372,3.00,1.00
2017.08.10 06:38:57.954,1.1336,1.13372,1.12,2.25
2017.08.10 06:38:59.219,1.13359,1.1337,1.87,1.00
2017.08.10 06:39:00.867,1.13359,1.13369,1.87,1.00
2017.08.10 06:39:01.487,1.13358,1.13369,2.25,1.00
2017.08.10 06:39:02.064,1.13358,1.13368,2.25,1.00
2017.08.10 06:39:02.602,1.13357,1.13366,3.37,1.00
2017.08.10 06:39:02.806,1.13358,1.13368,1.75,1.12
2017.08.10 06:39:03.934,1.1336,1.13369,1.00,1.12
2017.08.10 06:39:04.038,1.1336,1.1337,1.75,1.12
2017.08.10 06:39:04.585,1.1336,1.1337,1.75,1.00
2017.08.10 06:39:05.142,1.1336,1.13371,1.75,1.00
2017.08.10 06:39:08.295,1.1336,1.13372,1.75,3.00
2017.08.10 06:39:08.805,1.13359,1.13371,1.75,1.12
2017.08.10 06:39:10.737,1.13359,1.1337,2.25,1.00
2017.08.10 06:39:11.271,1.13359,1.13372,2.25,3.37
2017.08.10 06:39:20.214,1.1336,1.13372,2.62,1.12
2017.08.10 06:39:26.106,1.13361,1.13374,3.75,1.37
2017.08.10 06:39:28.311,1.13362,1.13375,1.75,2.62
2017.08.10 06:39:30.424,1.13363,1.13375,1.75,1.00
2017.08.10 06:39:38.715,1.13363,1.13374,3.00,1.00
2017.08.10 06:39:38.976,1.13364,1.13375,1.00,1.87
2017.08.10 06:39:39.505,1.13363,1.13375,2.25,1.87
2017.08.10 06:39:41.438,1.13363,1.13376,1.75,1.87
2017.08.10 06:39:43.642,1.13363,1.13375,1.12,1.50
2017.08.10 06:39:45.164,1.13363,1.13377,1.87,4.87
2017.08.10 06:39:45.805,1.13362,1.13373,3.37,1.50
2017.08.10 06:39:46.061,1.1336,1.13372,1.87,1.37
2017.08.10 06:39:46.704,1.1336,1.13373,1.87,3.75
2017.08.10 06:39:54.212,1.13361,1.13371,1.75,1.50
2017.08.10 06:39:54.314,1.1336,1.13369,1.75,1.50
2017.08.10 06:39:54.773,1.13359,1.13371,2.25,1.87
2017.08.10 06:39:58.585,1.1336,1.13373,2.25,1.87
2017.08.10 06:40:00.259,1.13362,1.13374,1.87,2.25
2017.08.10 06:40:05.540,1.13362,1.13372,1.12,1.50
2017.08.10 06:40:05.691,1.1336,1.13369,1.75,1.50
2017.08.10 06:40:05.743,1.13357,1.13369,2.62,1.50
2017.08.10 06:40:05.794,1.13356,1.13368,1.75,1.12
2017.08.10 06:40:06.302,1.13355,1.13368,2.62,1.50
2017.08.10 06:40:07.122,1.13357,1.1337,1.75,3.37
2017.08.10 06:40:07.173,1.13357,1.1337,1.75,3.37
2017.08.10 06:40:09.694,1.13356,1.13364,2.62,1.00
2017.08.10 06:40:09.848,1.13355,1.13364,1.12,1.20
2017.08.10 06:40:10.375,1.13353,1.13364,1.75,1.95
2017.08.10 06:40:10.580,1.13352,1.13364,2.62,1.87
2017.08.10 06:40:11.089,1.13353,1.13364,1.75,1.57
2017.08.10 06:40:12.074,1.13353,1.13364,1.75,1.00
2017.08.10 06:40:13.735,1.13356,1.13366,1.50,1.75
2017.08.10 06:40:13.787,1.13356,1.13368,1.87,2.62
2017.08.10 06:40:13.838,1.13357,1.13368,1.50,1.37
2017.08.10 06:40:14.348,1.13357,1.13368,1.75,1.00
2017.08.10 06:40:15.586,1.1336,1.1337,1.00,1.87
2017.08.10 06:40:15.689,1.13361,1.13373,1.37,1.75
2017.08.10 06:40:15.740,1.13361,1.13373,1.50,1.75
2017.08.10 06:40:16.484,1.13362,1.13374,1.37,4.12
2017.08.10 06:40:17.074,1.13362,1.13374,1.75,3.37
2017.08.10 06:40:20.125,1.1336,1.13372,2.25,1.50
2017.08.10 06:40:20.638,1.1336,1.13371,1.50,1.37
2017.08.10 06:40:42.657,1.13361,1.13374,2.25,3.00
2017.08.10 06:40:42.759,1.13361,1.13373,2.62,1.00
2017.08.10 06:40:43.321,1.1336,1.13372,2.62,1.00
2017.08.10 06:40:43.855,1.13361,1.13373,1.75,1.50
2017.08.10 06:40:44.469,1.13361,1.13374,2.62,2.25
2017.08.10 06:40:48.041,1.13363,1.13376,2.25,1.12
2017.08.10 06:40:48.588,1.13363,1.13376,2.25,1.87
2017.08.10 06:40:54.837,1.13367,1.13377,1.00,1.12
2017.08.10 06:40:54.889,1.13367,1.13379,3.75,1.87
2017.08.10 06:40:55.078,1.13369,1.1338,1.75,1.00
2017.08.10 06:41:01.574,1.1337,1.13379,1.00,1.00
2017.08.10 06:41:01.906,1.13364,1.13377,1.87,2.62
2017.08.10 06:41:03.270,1.13367,1.13377,1.37,1.00
2017.08.10 06:41:12.480,1.13368,1.13378,1.37,1.00
2017.08.10 06:41:13.035,1.1337,1.13381,1.12,3.37
2017.08.10 06:41:15.082,1.1337,1.13383,2.62,2.62
2017.08.10 06:41:15.390,1.13375,1.13386,1.37,1.75
2017.08.10 06:41:15.441,1.13375,1.13386,2.25,1.37
2017.08.10 06:41:15.494,1.13375,1.13386,2.25,1.00
2017.08.10 06:41:15.968,1.13374,1.13383,2.62,1.12
2017.08.10 06:41:16.135,1.13369,1.13382,2.25,1.50
2017.08.10 06:41:16.187,1.13368,1.13382,3.94,3.75
2017.08.10 06:41:16.239,1.13369,1.13381,1.50,1.12
2017.08.10 06:41:26.448,1.13368,1.13381,1.50,3.37
2017.08.10 06:41:26.977,1.13368,1.13381,1.75,2.62
2017.08.10 06:41:42.569,1.13369,1.1338,1.12,1.75
2017.08.10 06:41:46.048,1.13368,1.13379,1.50,1.00
2017.08.10 06:41:47.872,1.13371,1.13381,1.47,1.00
2017.08.10 06:41:48.426,1.13372,1.13382,1.95,1.00
2017.08.10 06:41:48.734,1.13376,1.13386,1.10,3.37
2017.08.10 06:41:48.888,1.13376,1.13386,1.95,1.00
2017.08.10 06:41:55.264,1.13376,1.13387,1.95,1.00
2017.08.10 06:41:56.678,1.13379,1.13387,1.12,1.00
2017.08.10 06:41:57.196,1.13378,1.13389,1.95,1.87
2017.08.10 06:42:00.303,1.13378,1.13389,1.12,1.87
2017.08.10 06:42:00.958,1.13375,1.13386,3.75,1.00
2017.08.10 06:42:01.499,1.13375,1.13387,4.50,1.12
2017.08.10 06:42:02.035,1.13375,1.13386,4.50,1.00
2017.08.10 06:42:02.548,1.13375,1.13385,1.87,1.00
2017.08.10 06:42:03.437,1.13375,1.13386,1.87,1.12
2017.08.10 06:42:19.419,1.13376,1.13387,1.75,1.12
2017.08.10 06:42:46.055,1.13376,1.13388,3.75,1.12
2017.08.10 06:42:49.936,1.13381,1.1339,1.50,1.75
2017.08.10 06:42:50.089,1.13381,1.13392,1.87,1.75
2017.08.10 06:42:50.612,1.13381,1.13392,2.25,1.50
2017.08.10 06:42:55.110,1.1338,1.13392,1.50,1.87
2017.08.10 06:43:06.116,1.1338,1.13392,1.12,2.62
2017.08.10 06:43:11.407,1.13379,1.1339,1.87,1.12
2017.08.10 06:43:12.665,1.1338,1.1339,1.50,1.12
2017.08.10 06:43:12.920,1.13382,1.13393,1.00,4.50
2017.08.10 06:43:13.416,1.1338,1.13392,1.87,1.87
2017.08.10 06:43:15.795,1.13381,1.13392,1.00,1.87
2017.08.10 06:43:19.036,1.1338,1.13392,1.87,1.87
2017.08.10 06:43:19.294,1.13379,1.13389,2.62,1.87
2017.08.10 06:43:19.552,1.13383,1.13393,1.00,1.12
2017.08.10 06:43:20.062,1.13384,1.13394,1.00,1.12
2017.08.10 06:43:20.567,1.13383,1.13394,1.87,1.12
2017.08.10 06:43:23.618,1.13381,1.13393,2.62,1.87
2017.08.10 06:43:26.149,1.1338,1.13392,1.12,1.87
2017.08.10 06:43:26.735,1.13381,1.13392,1.00,1.87
2017.08.10 06:43:27.468,1.1338,1.13391,1.12,1.75
2017.08.10 06:43:27.776,1.13382,1.13393,2.25,1.87
2017.08.10 06:43:27.929,1.13383,1.13393,1.12,1.37
2017.08.10 06:43:28.614,1.13384,1.13394,1.00,1.87
2017.08.10 06:43:29.616,1.13385,1.13395,1.00,2.32
2017.08.10 06:43:30.126,1.13385,1.13395,1.00,1.85
2017.08.10 06:43:31.734,1.13384,1.13395,1.12,1.12
2017.08.10 06:43:38.478,1.13382,1.13394,1.50,1.12
2017.08.10 06:43:39.027,1.13382,1.13394,1.12,1.87
2017.08.10 06:43:44.359,1.13382,1.13394,1.50,1.12
2017.08.10 06:43:59.307,1.13382,1.13394,1.12,1.87
2017.08.10 06:44:00.118,1.13381,1.13393,1.12,1.87
2017.08.10 06:44:00.626,1.13377,1.13389,3.75,2.25
2017.08.10 06:44:00.678,1.13377,1.13387,2.62,1.50
2017.08.10 06:44:00.897,1.13374,1.13386,2.25,1.75
2017.08.10 06:44:01.415,1.13374,1.13387,1.87,3.37
2017.08.10 06:44:01.619,1.13375,1.13387,2.25,1.12
2017.08.10 06:44:06.752,1.13375,1.13386,1.37,1.75
2017.08.10 06:44:06.803,1.13374,1.13386,2.25,2.25
2017.08.10 06:44:20.534,1.13375,1.13386,1.00,1.75
2017.08.10 06:44:21.122,1.13374,1.13386,1.87,1.75
2017.08.10 06:44:21.670,1.13375,1.13386,1.50,1.75
2017.08.10 06:44:22.203,1.13373,1.13383,1.87,1.00
2017.08.10 06:44:24.739,1.13374,1.13386,2.25,1.87
2017.08.10 06:44:25.318,1.13374,1.13386,1.87,1.87
2017.08.10 06:44:29.051,1.13375,1.13386,1.00,1.75
2017.08.10 06:44:29.582,1.13376,1.13386,1.00,1.75
2017.08.10 06:44:31.124,1.13375,1.13386,1.50,1.75
2017.08.10 06:44:32.033,1.13374,1.13386,1.87,1.75
2017.08.10 06:44:34.322,1.13375,1.13386,1.00,1.75
2017.08.10 06:44:34.828,1.13374,1.13386,3.00,1.75
2017.08.10 06:44:38.800,1.13373,1.13386,3.75,1.37
2017.08.10 06:44:38.902,1.13374,1.13386,1.75,1.37
2017.08.10 06:44:39.446,1.13376,1.13389,2.25,1.12
2017.08.10 06:44:39.498,1.13376,1.13389,2.25,1.12
2017.08.10 06:44:39.803,1.13379,1.13391,3.00,1.12
2017.08.10 06:44:50.811,1.13379,1.1339,2.25,1.37
2017.08.10 06:44:52.349,1.13379,1.1339,4.12,1.37
2017.08.10 06:44:53.221,1.13379,1.1339,3.00,1.12
2017.08.10 06:44:58.986,1.13379,1.13383,1.87,1.50
2017.08.10 06:44:59.140,1.13365,1.13374,12.75,1.12
2017.08.10 06:44:59.242,1.13365,1.13374,1.00,3.00
2017.08.10 06:44:59.754,1.13365,1.13374,1.00,1.37
2017.08.10 06:45:01.078,1.13365,1.13373,1.00,3.00
2017.08.10 06:45:01.996,1.1336,1.13373,1.87,1.87
2017.08.10 06:45:03.684,1.13359,1.13371,1.12,4.87
2017.08.10 06:45:03.991,1.13357,1.13366,2.25,1.50
2017.08.10 06:45:04.145,1.13354,1.13365,2.25,1.00
2017.08.10 06:45:04.248,1.13354,1.13365,1.50,3.00
2017.08.10 06:45:05.435,1.13354,1.13365,1.00,3.00
2017.08.10 06:45:05.937,1.13353,1.13365,3.00,1.37
2017.08.10 06:45:08.673,1.13354,1.13366,1.75,1.37
2017.08.10 06:45:15.766,1.13355,1.13367,1.50,1.37
2017.08.10 06:45:15.869,1.13355,1.13367,1.75,1.37
2017.08.10 06:45:18.335,1.13354,1.13365,2.25,1.00
2017.08.10 06:45:18.488,1.13354,1.13365,2.25,1.50
2017.08.10 06:45:19.051,1.13355,1.13367,1.75,1.37
2017.08.10 06:45:19.563,1.13358,1.1337,3.00,1.12
2017.08.10 06:45:19.872,1.13356,1.13366,1.50,1.12
2017.08.10 06:45:30.540,1.13358,1.13368,1.50,1.12
2017.08.10 06:45:31.054,1.13357,1.13368,1.12,1.12
2017.08.10 06:45:36.969,1.1336,1.13369,1.50,1.87
2017.08.10 06:45:37.122,1.1336,1.13369,1.12,1.00
2017.08.10 06:45:37.226,1.1336,1.13371,1.75,1.50
2017.08.10 06:45:37.584,1.13367,1.13375,1.50,2.62
2017.08.10 06:45:37.636,1.13365,1.13375,1.50,1.12
2017.08.10 06:45:37.789,1.13365,1.13376,2.62,1.12
2017.08.10 06:45:38.364,1.13366,1.13377,2.62,1.12
2017.08.10 06:45:40.185,1.13366,1.13376,2.62,1.00
2017.08.10 06:45:40.496,1.13365,1.13376,1.00,1.87
2017.08.10 06:45:40.914,1.13365,1.13376,1.75,1.00
2017.08.10 06:45:42.620,1.13364,1.13376,1.50,1.12
2017.08.10 06:45:43.917,1.13364,1.13374,1.00,1.75
2017.08.10 06:45:44.439,1.13363,1.13374,2.25,1.75
2017.08.10 06:45:45.914,1.13362,1.13373,1.12,1.75
2017.08.10 06:45:46.434,1.13362,1.13373,1.00,1.87
2017.08.10 06:45:46.953,1.13361,1.13373,1.12,1.87
2017.08.10 06:45:47.609,1.13361,1.13371,1.00,1.50
2017.08.10 06:45:49.450,1.1336,1.13371,1.00,1.75
2017.08.10 06:45:50.055,1.13359,1.13371,1.12,1.87
2017.08.10 06:45:50.361,1.13359,1.13369,1.00,1.75
2017.08.10 06:45:50.875,1.13359,1.1337,1.00,1.87
2017.08.10 06:45:51.924,1.13358,1.13368,1.12,1.50
2017.08.10 06:45:52.230,1.13356,1.13368,2.62,2.25
2017.08.10 06:45:53.724,1.13356,1.13366,2.25,1.75
2017.08.10 06:45:56.130,1.13355,1.13366,1.00,2.25
2017.08.10 06:45:58.344,1.13355,1.13366,2.26,1.75
2017.08.10 06:46:00.939,1.13353,1.13365,3.37,1.75
2017.08.10 06:46:01.448,1.13353,1.13364,2.62,1.75
2017.08.10 06:46:10.467,1.13352,1.13363,2.62,1.75
2017.08.10 06:46:11.412,1.13353,1.13363,1.00,1.75
2017.08.10 06:46:11.945,1.13353,1.13363,1.12,1.50
2017.08.10 06:46:13.319,1.13354,1.13364,1.50,1.75
2017.08.10 06:46:14.423,1.13355,1.13364,1.00,1.75
2017.08.10 06:46:15.187,1.13354,1.13365,1.00,2.25
2017.08.10 06:46:15.708,1.13355,1.13365,1.00,2.25
2017.08.10 06:46:16.388,1.13354,1.13365,1.00,2.25
2017.08.10 06:46:16.869,1.13358,1.13366,1.50,3.37
2017.08.10 06:46:17.102,1.13358,1.1337,1.00,2.25
2017.08.10 06:46:17.966,1.13356,1.13367,1.50,1.50
2017.08.10 06:46:18.170,1.13355,1.13366,1.50,1.75
2017.08.10 06:46:18.686,1.13356,1.13366,1.50,1.75
2017.08.10 06:46:20.627,1.1336,1.13364,1.00,1.00
2017.08.10 06:46:20.780,1.13363,1.13374,2.25,1.75
2017.08.10 06:46:21.317,1.13363,1.13374,3.75,2.25
2017.08.10 06:46:21.838,1.13363,1.13374,1.12,2.25
2017.08.10 06:46:23.231,1.13364,1.13374,1.00,1.75
2017.08.10 06:46:23.809,1.13365,1.13374,1.50,1.75
2017.08.10 06:46:24.014,1.13365,1.13378,2.25,4.87
2017.08.10 06:46:24.587,1.13365,1.13377,1.37,1.75
2017.08.10 06:46:26.068,1.13365,1.13376,1.50,1.75
2017.08.10 06:46:26.582,1.13365,1.13376,1.12,1.75
2017.08.10 06:46:30.233,1.13365,1.13375,1.12,1.75
2017.08.10 06:46:32.822,1.13362,1.13374,2.62,1.75
2017.08.10 06:46:33.027,1.13359,1.13371,2.62,1.75
2017.08.10 06:46:33.530,1.13359,1.13372,1.50,1.87
2017.08.10 06:46:34.303,1.13358,1.13372,4.12,1.12
2017.08.10 06:46:36.536,1.13357,1.1337,2.70,1.50
2017.08.10 06:46:37.092,1.13357,1.1337,2.32,1.87
2017.08.10 06:46:38.494,1.1336,1.13372,1.87,3.37
2017.08.10 06:46:38.685,1.1336,1.13371,1.87,1.00
2017.08.10 06:46:39.705,1.13361,1.13372,2.62,1.00
2017.08.10 06:46:40.252,1.13362,1.13376,4.12,2.62
2017.08.10 06:46:41.342,1.13364,1.13374,1.87,1.00
2017.08.10 06:46:43.026,1.13365,1.13375,1.87,1.00
2017.08.10 06:47:06.060,1.13365,1.13377,2.25,1.87
2017.08.10 06:47:06.709,1.13365,1.13377,2.25,1.87
2017.08.10 06:47:07.693,1.13365,1.13377,2.25,1.87
2017.08.10 06:47:15.699,1.13367,1.13381,2.62,3.75
2017.08.10 06:47:16.242,1.13368,1.13381,1.50,2.62
2017.08.10 06:47:20.391,1.13367,1.1338,1.37,1.75
2017.08.10 06:47:21.003,1.1337,1.13381,1.50,2.62
2017.08.10 06:47:21.542,1.1337,1.13381,1.50,1.75
2017.08.10 06:47:22.045,1.1337,1.13382,1.87,2.62
2017.08.10 06:47:24.085,1.1337,1.13383,2.25,1.87
2017.08.10 06:47:24.938,1.13373,1.13384,1.50,1.75
2017.08.10 06:47:25.092,1.13374,1.13386,1.87,1.87
2017.08.10 06:47:25.432,1.13369,1.13381,5.62,1.00
2017.08.10 06:47:25.534,1.13369,1.13382,3.75,1.50
2017.08.10 06:47:27.969,1.13369,1.13381,1.50,1.50
2017.08.10 06:47:28.020,1.13369,1.13381,1.50,1.75
2017.08.10 06:47:37.327,1.13369,1.13381,2.25,1.75
2017.08.10 06:47:37.531,1.13373,1.13382,1.00,1.75
2017.08.10 06:47:37.735,1.13373,1.13386,1.37,2.25
2017.08.10 06:47:37.889,1.13371,1.13381,1.50,1.00
2017.08.10 06:47:37.940,1.1337,1.1338,1.75,1.00
2017.08.10 06:47:37.992,1.1337,1.1338,1.37,1.37
2017.08.10 06:47:38.043,1.1337,1.1338,1.00,1.75
2017.08.10 06:47:38.551,1.13369,1.1338,2.62,1.75
2017.08.10 06:47:39.092,1.1337,1.1338,1.00,1.75
2017.08.10 06:47:40.036,1.1337,1.13382,1.87,1.75
2017.08.10 06:47:41.669,1.13371,1.13382,1.00,1.75
2017.08.10 06:47:42.174,1.1337,1.13382,3.00,1.75
2017.08.10 06:47:43.630,1.13371,1.13382,1.00,1.75
2017.08.10 06:47:43.733,1.13372,1.13385,1.50,1.87
2017.08.10 06:47:44.241,1.13373,1.13386,1.87,1.75
2017.08.10 06:47:49.241,1.13374,1.13387,2.62,3.37
2017.08.10 06:47:49.293,1.13374,1.13387,2.62,1.50
2017.08.10 06:48:00.705,1.13373,1.13381,1.75,1.00
2017.08.10 06:48:00.858,1.13369,1.13382,1.87,1.50
2017.08.10 06:48:01.164,1.1337,1.13382,1.87,2.25
2017.08.10 06:48:02.333,1.13371,1.13383,2.25,1.75
2017.08.10 06:48:02.486,1.13372,1.13383,1.00,1.75
2017.08.10 06:48:02.964,1.13372,1.13385,3.37,2.25
2017.08.10 06:48:06.094,1.13372,1.13383,1.37,1.50
2017.08.10 06:48:06.782,1.1337,1.13382,1.12,2.25
2017.08.10 06:48:07.090,1.13365,1.13376,1.37,1.50
2017.08.10 06:48:09.685,1.13367,1.13378,1.00,1.75
2017.08.10 06:48:09.889,1.13368,1.13378,1.87,1.12
2017.08.10 06:48:13.501,1.1337,1.13382,1.12,1.75
2017.08.10 06:48:13.646,1.13371,1.13382,1.37,1.50
2017.08.10 06:48:13.959,1.13368,1.13378,2.62,1.00
2017.08.10 06:48:14.011,1.13367,1.13378,1.12,1.12
2017.08.10 06:48:16.326,1.1337,1.13382,1.12,4.12
2017.08.10 06:48:16.428,1.1337,1.13382,2.62,1.37
2017.08.10 06:48:16.480,1.1337,1.13382,2.62,1.12
2017.08.10 06:48:18.870,1.1337,1.13381,2.62,2.25
2017.08.10 06:48:19.394,1.13369,1.13379,1.87,1.00
2017.08.10 06:48:19.496,1.13367,1.13379,5.25,1.00
2017.08.10 06:48:20.005,1.13367,1.13379,3.37,1.12
2017.08.10 06:48:23.930,1.13368,1.13378,1.12,1.50
2017.08.10 06:48:24.083,1.13365,1.13377,2.62,2.62
2017.08.10 06:48:24.599,1.13365,1.13377,2.62,3.00
2017.08.10 06:48:40.836,1.13366,1.13377,1.12,1.12
2017.08.10 06:48:41.372,1.13365,1.13376,1.87,1.12
2017.08.10 06:48:45.410,1.13364,1.13374,1.12,1.00
2017.08.10 06:48:45.564,1.13361,1.13373,2.62,1.87
2017.08.10 06:48:46.107,1.13361,1.13373,2.62,2.25
2017.08.10 06:49:00.985,1.13361,1.13373,1.50,2.62
2017.08.10 06:49:01.087,1.13357,1.13367,4.12,1.00
2017.08.10 06:49:01.259,1.13356,1.13366,1.12,1.50
2017.08.10 06:49:01.773,1.13352,1.13363,1.75,1.50
2017.08.10 06:49:02.295,1.13352,1.13363,1.50,1.87
2017.08.10 06:49:02.885,1.13352,1.13362,1.50,1.87
2017.08.10 06:49:03.395,1.13351,1.13362,1.50,2.25
2017.08.10 06:49:03.953,1.13351,1.13362,1.50,2.62
2017.08.10 06:49:04.751,1.13349,1.13359,1.50,1.00
2017.08.10 06:49:04.803,1.13349,1.13359,1.50,1.12
2017.08.10 06:49:11.666,1.13351,1.13362,1.00,2.62
2017.08.10 06:49:12.177,1.13351,1.13362,1.12,1.75
2017.08.10 06:49:12.583,1.1335,1.13358,1.50,1.00
2017.08.10 06:49:13.094,1.13348,1.13357,1.75,1.50
2017.08.10 06:49:14.839,1.13349,1.13352,1.37,1.00
2017.08.10 06:49:14.993,1.13348,1.13353,2.25,1.00
2017.08.10 06:49:15.249,1.13342,1.13346,1.00,1.00
2017.08.10 06:49:15.300,1.13339,1.13346,1.50,1.00
2017.08.10 06:49:15.352,1.13335,1.13346,1.87,1.00
2017.08.10 06:49:16.022,1.13337,1.13345,1.12,1.00
2017.08.10 06:49:17.068,1.13337,1.13342,1.12,1.00
2017.08.10 06:49:19.675,1.13337,1.13343,1.12,1.00
2017.08.10 06:49:21.671,1.13337,1.13342,1.12,1.00
2017.08.10 06:49:22.029,1.13337,1.13344,1.00,1.00
2017.08.10 06:49:22.183,1.13337,1.13342,1.00,1.00
2017.08.10 06:49:22.493,1.13335,1.13342,1.00,1.00
2017.08.10 06:49:22.901,1.13333,1.13341,1.12,1.00
2017.08.10 06:49:23.409,1.13333,1.1334,1.12,1.00
2017.08.10 06:49:36.369,1.13333,1.13341,1.12,1.00
2017.08.10 06:49:36.522,1.13334,1.13342,1.37,1.00
2017.08.10 06:49:36.930,1.13333,1.1334,1.75,1.00
2017.08.10 06:49:37.441,1.13332,1.1334,1.75,1.00
2017.08.10 06:49:38.262,1.13333,1.13341,1.50,1.00
2017.08.10 06:49:38.773,1.13333,1.13343,1.50,1.12
2017.08.10 06:49:39.296,1.13333,1.13342,1.50,1.00
2017.08.10 06:49:39.937,1.13333,1.13341,1.50,1.00
2017.08.10 06:49:41.266,1.13333,1.13342,1.50,1.00
2017.08.10 06:49:41.779,1.13333,1.13341,1.50,1.00
2017.08.10 06:49:42.324,1.13335,1.13343,1.12,1.00
2017.08.10 06:49:42.834,1.13334,1.13344,2.62,1.12
2017.08.10 06:49:43.635,1.13333,1.13343,1.87,1.00
2017.08.10 06:49:45.315,1.13333,1.13342,1.75,1.00
2017.08.10 06:49:45.990,1.13333,1.13341,1.50,1.00
2017.08.10 06:49:47.386,1.13333,1.1334,1.50,1.00
2017.08.10 06:49:47.437,1.13333,1.13342,1.50,1.00
2017.08.10 06:49:47.593,1.13332,1.13339,1.75,1.00
2017.08.10 06:49:47.747,1.13332,1.13339,1.50,1.00
2017.08.10 06:49:47.942,1.13332,1.13341,1.37,1.00
2017.08.10 06:49:48.456,1.13331,1.13342,1.75,1.12
2017.08.10 06:49:51.258,1.13332,1.13342,1.50,1.00
2017.08.10 06:49:51.772,1.13333,1.13343,1.50,2.62
2017.08.10 06:49:52.781,1.13332,1.13341,1.50,1.00
2017.08.10 06:49:53.327,1.13332,1.13342,1.50,1.12
2017.08.10 06:49:55.092,1.13331,1.13341,1.12,1.00
2017.08.10 06:49:55.645,1.13333,1.13342,1.00,1.87
2017.08.10 06:49:56.494,1.13333,1.13344,1.50,2.62
2017.08.10 06:49:59.448,1.13332,1.13342,1.88,1.00
2017.08.10 06:50:00.582,1.13332,1.13341,1.50,1.00
2017.08.10 06:50:01.095,1.13333,1.13342,1.12,1.12
2017.08.10 06:50:01.419,1.13331,1.13339,1.12,1.00
2017.08.10 06:50:02.145,1.13331,1.1334,1.75,1.00
2017.08.10 06:50:03.080,1.1333,1.13339,2.25,1.00
2017.08.10 06:50:03.629,1.13331,1.1334,1.75,1.00
2017.08.10 06:50:04.192,1.1333,1.13339,2.25,1.50
2017.08.10 06:50:04.809,1.1333,1.1334,2.25,1.00
2017.08.10 06:50:05.646,1.13332,1.13341,1.50,1.12
2017.08.10 06:50:05.851,1.13333,1.13344,3.00,1.50
2017.08.10 06:50:06.348,1.13333,1.13341,1.50,1.00
2017.08.10 06:50:06.856,1.13332,1.13342,1.75,1.00
2017.08.10 06:50:09.454,1.13333,1.13343,1.50,1.12
2017.08.10 06:50:11.831,1.13332,1.13343,1.50,1.87
2017.08.10 06:50:14.905,1.13333,1.13343,1.37,1.00
2017.08.10 06:50:21.378,1.13336,1.13345,1.00,1.75
2017.08.10 06:50:21.686,1.13338,1.13348,1.00,2.25
2017.08.10 06:50:22.231,1.13337,1.13348,1.00,2.62
2017.08.10 06:50:22.962,1.13339,1.13348,1.00,2.62
2017.08.10 06:50:23.064,1.13339,1.13348,1.00,1.57
2017.08.10 06:50:23.565,1.13336,1.13348,1.12,1.50
2017.08.10 06:50:24.851,1.13335,1.13348,3.75,2.25
2017.08.10 06:50:25.224,1.13335,1.13345,1.50,1.37
2017.08.10 06:50:25.632,1.13337,1.13345,1.00,1.00
2017.08.10 06:50:28.433,1.13338,1.13347,1.00,1.75
2017.08.10 06:50:28.790,1.13336,1.13348,1.12,1.75
2017.08.10 06:50:33.764,1.13337,1.13348,1.00,2.62
2017.08.10 06:50:34.308,1.13338,1.13348,1.00,1.75
2017.08.10 06:50:34.830,1.13339,1.13348,1.00,1.75
2017.08.10 06:50:35.380,1.13338,1.13348,1.00,1.75
2017.08.10 06:50:36.531,1.1334,1.13348,1.00,1.75
2017.08.10 06:50:41.259,1.13339,1.13348,1.00,1.75
2017.08.10 06:50:41.785,1.13336,1.13347,1.12,2.25
2017.08.10 06:50:42.298,1.13337,1.13348,1.50,1.87
2017.08.10 06:50:47.557,1.13338,1.13348,1.00,1.75
2017.08.10 06:50:48.065,1.13337,1.13348,1.50,1.75
2017.08.10 06:50:51.392,1.13336,1.13348,1.12,1.87
2017.08.10 06:50:54.226,1.13338,1.13348,1.00,1.75
2017.08.10 06:50:54.380,1.13335,1.13348,3.75,3.75
2017.08.10 06:51:03.837,1.13333,1.13344,1.87,1.00
2017.08.10 06:51:03.991,1.13331,1.13343,3.37,1.37
2017.08.10 06:51:04.516,1.13331,1.13342,2.62,1.12
2017.08.10 06:51:06.010,1.13331,1.13341,2.25,1.12
2017.08.10 06:51:06.515,1.13331,1.13341,1.12,1.50
2017.08.10 06:51:15.532,1.13337,1.13341,1.00,1.00
2017.08.10 06:51:15.726,1.13338,1.13348,1.00,3.37
2017.08.10 06:51:15.828,1.13338,1.13348,1.00,2.25
2017.08.10 06:51:16.396,1.1334,1.13349,1.00,1.90
2017.08.10 06:51:16.600,1.13338,1.13349,1.00,1.90
2017.08.10 06:51:17.114,1.13337,1.1335,1.87,3.11
2017.08.10 06:51:23.451,1.13338,1.13349,1.00,2.36
2017.08.10 06:51:23.913,1.13334,1.13347,1.12,1.75
2017.08.10 06:51:26.101,1.13334,1.13347,1.37,2.25
2017.08.10 06:51:51.957,1.13332,1.13344,2.25,1.87
2017.08.10 06:52:06.093,1.13333,1.13343,1.00,1.37
2017.08.10 06:52:23.736,1.13332,1.13343,1.12,1.75
2017.08.10 06:52:29.937,1.13331,1.13342,1.50,1.87
2017.08.10 06:52:47.374,1.13331,1.13342,3.37,1.50
2017.08.10 06:52:54.035,1.13333,1.13343,1.00,1.75
2017.08.10 06:52:54.238,1.13335,1.13345,1.00,1.87
2017.08.10 06:52:54.290,1.13335,1.13345,1.50,1.50
2017.08.10 06:52:54.894,1.13336,1.13346,1.37,1.12
2017.08.10 06:52:59.470,1.13337,1.13343,1.12,1.00
2017.08.10 06:52:59.522,1.13334,1.13344,1.87,1.12
2017.08.10 06:52:59.624,1.13332,1.13341,1.12,1.00
2017.08.10 06:52:59.726,1.13331,1.13341,1.50,1.12
2017.08.10 06:53:00.717,1.13333,1.13342,1.00,1.50
2017.08.10 06:53:01.125,1.13335,1.13343,1.00,1.75
2017.08.10 06:53:01.330,1.13335,1.13344,1.00,1.50
2017.08.10 06:53:01.907,1.13336,1.13344,1.00,1.50
2017.08.10 06:53:01.961,1.13334,1.13344,2.25,1.50
2017.08.10 06:53:02.835,1.13334,1.13343,1.12,1.50
2017.08.10 06:53:07.174,1.13335,1.13344,1.00,1.75
2017.08.10 06:53:07.715,1.13333,1.13343,3.00,1.50
2017.08.10 06:53:10.946,1.13334,1.13345,1.37,1.50
2017.08.10 06:53:12.747,1.13335,1.13345,1.37,1.12
2017.08.10 06:53:13.891,1.13336,1.13347,1.50,1.75
2017.08.10 06:53:13.994,1.13337,1.13347,1.37,1.12
2017.08.10 06:53:26.894,1.13336,1.13344,1.12,1.00
2017.08.10 06:53:27.160,1.13334,1.13344,1.50,1.50
2017.08.10 06:53:32.766,1.13334,1.13345,1.37,1.87
2017.08.10 06:53:41.361,1.13335,1.13347,3.00,1.75
2017.08.10 06:53:41.515,1.13336,1.13349,1.87,2.25
2017.08.10 06:53:47.324,1.13336,1.13348,1.87,1.50
2017.08.10 06:53:58.666,1.13337,1.13346,1.37,1.00
2017.08.10 06:53:59.179,1.13337,1.13347,1.37,1.12
2017.08.10 06:53:59.743,1.13337,1.13346,1.37,1.00
2017.08.10 06:54:01.878,1.13335,1.13347,2.62,1.12
2017.08.10 06:54:03.333,1.13336,1.13346,1.12,1.00
2017.08.10 06:54:06.047,1.13335,1.13346,1.12,1.12
2017.08.10 06:54:15.398,1.13335,1.13346,1.37,1.50
2017.08.10 06:54:15.604,1.13332,1.13343,1.87,1.00
2017.08.10 06:54:15.706,1.13332,1.13343,1.37,1.50
2017.08.10 06:54:22.524,1.13335,1.13345,1.00,2.25
2017.08.10 06:54:22.678,1.13335,1.13346,1.12,1.75
2017.08.10 06:54:24.997,1.13336,1.13347,1.00,2.25
2017.08.10 06:54:26.919,1.13336,1.13347,1.50,1.75
2017.08.10 06:54:28.349,1.13337,1.13347,1.50,1.75
2017.08.10 06:54:28.604,1.13337,1.13349,3.37,1.75
2017.08.10 06:54:30.572,1.13335,1.13346,1.87,1.00
2017.08.10 06:54:30.624,1.13335,1.13347,1.87,1.75
2017.08.10 06:54:31.191,1.13337,1.13349,1.50,3.00
2017.08.10 06:54:32.017,1.13337,1.13349,3.00,2.25
2017.08.10 06:54:36.932,1.13338,1.1335,1.00,2.25
2017.08.10 06:54:39.426,1.13338,1.1335,1.87,1.75
2017.08.10 06:54:44.674,1.13339,1.13351,3.00,1.75
2017.08.10 06:54:44.828,1.13341,1.13352,1.87,1.69
2017.08.10 06:54:45.135,1.13343,1.13355,2.62,1.50
2017.08.10 06:54:45.845,1.13345,1.13357,1.50,2.70
2017.08.10 06:54:46.387,1.13346,1.13357,3.00,1.20
2017.08.10 06:54:46.694,1.13347,1.13359,1.87,1.95
2017.08.10 06:54:52.239,1.13345,1.13357,1.37,1.95
2017.08.10 06:54:52.410,1.13347,1.13357,3.75,1.45
2017.08.10 06:54:52.716,1.13351,1.13359,3.37,1.45
2017.08.10 06:54:53.235,1.13353,1.13359,1.00,1.45
2017.08.10 06:54:53.847,1.13351,1.13359,2.25,1.45
2017.08.10 06:54:54.853,1.1335,1.13359,2.25,1.45
2017.08.10 06:54:55.057,1.13345,1.13357,3.00,2.32
2017.08.10 06:54:55.160,1.13344,1.13356,1.75,1.95
2017.08.10 06:54:55.211,1.13343,1.13353,1.75,1.00
2017.08.10 06:54:55.372,1.1334,1.1335,1.00,1.75
2017.08.10 06:54:55.884,1.13339,1.13349,1.50,2.25
2017.08.10 06:54:57.354,1.13337,1.13349,2.25,2.62
2017.08.10 06:54:57.921,1.1334,1.13349,1.57,2.62
2017.08.10 06:54:57.972,1.13337,1.13349,2.25,2.62
2017.08.10 06:55:00.241,1.13336,1.13348,4.50,1.87
2017.08.10 06:55:06.258,1.13338,1.1335,2.25,3.37
2017.08.10 06:55:10.979,1.13339,1.13348,1.12,1.37
2017.08.10 06:55:11.185,1.13336,1.13347,2.62,1.37
2017.08.10 06:55:12.373,1.13335,1.13347,1.87,2.62
2017.08.10 06:55:13.277,1.13336,1.13347,1.50,2.62
2017.08.10 06:55:15.493,1.13335,1.13347,1.37,2.25
2017.08.10 06:55:15.982,1.13332,1.13344,2.25,1.75
2017.08.10 06:55:17.508,1.1333,1.13342,3.37,1.50
2017.08.10 06:55:19.576,1.13331,1.13343,3.37,1.12
2017.08.10 06:55:20.650,1.13331,1.13342,1.87,1.00
2017.08.10 06:55:21.191,1.13332,1.13344,2.62,1.50
2017.08.10 06:55:31.461,1.13335,1.13346,1.00,2.25
2017.08.10 06:55:31.595,1.13335,1.13346,1.50,2.25
2017.08.10 06:55:36.909,1.13336,1.13347,1.50,1.50
2017.08.10 06:55:42.964,1.13338,1.13348,1.00,1.75
2017.08.10 06:55:43.474,1.13339,1.13348,1.00,1.50
2017.08.10 06:55:52.754,1.1334,1.13349,1.00,1.75
2017.08.10 06:55:53.276,1.1334,1.13349,1.00,1.50
2017.08.10 06:55:54.386,1.13338,1.1335,1.87,1.75
2017.08.10 06:55:54.887,1.13336,1.13347,1.87,1.87
2017.08.10 06:55:56.504,1.13336,1.13346,2.62,1.00
2017.08.10 06:55:57.723,1.13336,1.13348,1.87,3.00
2017.08.10 06:56:01.388,1.13336,1.13346,1.00,1.50
2017.08.10 06:56:20.869,1.13337,1.13348,1.00,2.25
2017.08.10 06:56:21.372,1.13337,1.13348,1.87,1.75
2017.08.10 06:56:21.803,1.13338,1.13348,2.25,1.12
2017.08.10 06:56:24.209,1.13337,1.13347,2.62,2.25
2017.08.10 06:56:24.753,1.13337,1.13347,1.37,2.62
2017.08.10 06:56:25.278,1.13337,1.13349,1.37,3.00
2017.08.10 06:56:26.974,1.13336,1.13348,1.87,1.75
2017.08.10 06:56:46.109,1.13336,1.13347,1.50,1.75
2017.08.10 06:56:48.875,1.13337,1.13348,1.00,1.87
2017.08.10 06:56:49.415,1.13338,1.13348,1.00,1.87
2017.08.10 06:56:50.177,1.13337,1.13347,1.00,1.75
2017.08.10 06:56:59.132,1.13338,1.13347,1.00,1.75
2017.08.10 06:57:03.031,1.13337,1.13348,1.00,2.25
2017.08.10 06:57:03.388,1.1334,1.13349,1.00,2.25
2017.08.10 06:57:05.930,1.13339,1.13348,1.00,1.75
2017.08.10 06:57:06.461,1.1334,1.13348,1.00,1.75
2017.08.10 06:57:06.993,1.13339,1.13348,1.00,1.75
2017.08.10 06:57:10.135,1.13339,1.13348,1.00,1.50
2017.08.10 06:57:20.842,1.1334,1.13348,1.00,1.50
2017.08.10 06:57:21.047,1.13341,1.13352,2.25,1.75
2017.08.10 06:57:21.458,1.13339,1.13349,1.37,1.12
2017.08.10 06:57:21.670,1.13337,1.13349,1.00,2.25
2017.08.10 06:57:22.466,1.13335,1.13345,1.87,1.50
2017.08.10 06:57:22.568,1.13335,1.13345,1.12,2.25
2017.08.10 06:57:30.082,1.13336,1.13346,1.00,1.87
2017.08.10 06:57:30.134,1.13339,1.13346,1.00,1.12
2017.08.10 06:57:30.393,1.13339,1.13346,1.00,1.00
2017.08.10 06:57:31.049,1.13337,1.13349,4.50,2.25
2017.08.10 06:57:31.559,1.13336,1.13347,3.00,1.75
2017.08.10 06:57:40.387,1.13336,1.13346,3.00,2.25
2017.08.10 06:57:40.895,1.13336,1.13346,1.87,2.25
2017.08.10 06:57:44.956,1.13337,1.13347,1.00,2.25
2017.08.10 06:57:46.556,1.13336,1.13347,3.37,2.25
2017.08.10 06:57:55.728,1.13337,1.13347,2.62,1.87
2017.08.10 06:57:55.932,1.1334,1.1335,1.87,1.75
2017.08.10 06:57:55.984,1.13342,1.13351,1.00,1.75
2017.08.10 06:57:56.138,1.13343,1.13354,1.12,2.25
2017.08.10 06:57:57.805,1.13344,1.13354,1.50,2.25
2017.08.10 06:57:58.212,1.13344,1.13355,1.50,1.75
2017.08.10 06:58:00.825,1.13341,1.13351,1.50,1.37
2017.08.10 06:58:00.928,1.13338,1.13349,1.87,2.25
2017.08.10 06:58:01.030,1.13338,1.13349,1.12,2.25
2017.08.10 06:58:01.869,1.13337,1.13347,1.00,1.12
2017.08.10 06:58:02.181,1.13335,1.13347,1.12,3.37
2017.08.10 06:58:07.249,1.13331,1.13342,3.00,1.00
2017.08.10 06:58:07.351,1.13331,1.13342,1.12,1.87
2017.08.10 06:58:07.453,1.13331,1.13342,1.50,2.25
2017.08.10 06:58:08.828,1.1333,1.13342,3.75,1.75
2017.08.10 06:58:09.353,1.13331,1.13342,1.00,1.75
2017.08.10 06:58:11.447,1.13332,1.13343,1.12,1.75
2017.08.10 06:58:11.762,1.13332,1.13344,4.12,1.50
2017.08.10 06:58:16.477,1.13337,1.13347,1.00,4.87
2017.08.10 06:58:16.528,1.13336,1.13348,3.37,3.75
2017.08.10 06:58:19.131,1.13334,1.13347,2.25,1.87
2017.08.10 06:58:21.192,1.13336,1.13346,1.00,1.75
2017.08.10 06:58:21.447,1.13336,1.13347,1.50,1.75
2017.08.10 06:58:21.956,1.13336,1.13348,1.87,2.25
2017.08.10 06:58:22.753,1.13334,1.13346,1.87,1.75
2017.08.10 06:58:23.448,1.13337,1.13346,2.25,1.87
2017.08.10 06:58:23.770,1.13341,1.13351,1.50,2.25
2017.08.10 06:58:23.872,1.13342,1.13352,1.00,1.75
2017.08.10 06:58:24.076,1.13344,1.13354,1.00,1.75
2017.08.10 06:58:24.382,1.13346,1.13356,2.62,1.50
2017.08.10 06:58:24.817,1.13348,1.13356,1.00,1.50
2017.08.10 06:58:25.322,1.13349,1.13358,1.00,1.75
2017.08.10 06:58:25.475,1.13348,1.1336,1.50,2.25
2017.08.10 06:58:26.085,1.13348,1.13359,1.12,2.25
2017.08.10 06:58:28.545,1.13349,1.1336,1.00,2.25
2017.08.10 06:58:29.050,1.13348,1.1336,3.00,2.25
2017.08.10 06:58:30.084,1.13349,1.1336,1.00,3.75
2017.08.10 06:58:30.646,1.13348,1.1336,1.37,3.00
2017.08.10 06:58:31.767,1.13348,1.13359,1.00,2.25
2017.08.10 06:58:33.294,1.13347,1.13358,1.00,2.25
2017.08.10 06:58:46.107,1.13347,1.13359,2.62,2.25
2017.08.10 06:58:50.146,1.1335,1.1336,1.00,1.75
2017.08.10 06:58:50.402,1.13351,1.13363,1.87,3.37
2017.08.10 06:58:50.930,1.13352,1.13364,1.12,1.75
2017.08.10 06:58:51.443,1.13353,1.13365,1.50,2.25
2017.08.10 06:58:51.749,1.13357,1.13367,1.00,2.62
2017.08.10 06:58:51.851,1.13358,1.13369,1.00,3.00
2017.08.10 06:58:52.771,1.13361,1.13369,1.50,3.00
2017.08.10 06:58:52.926,1.1336,1.13372,3.00,3.75
2017.08.10 06:58:52.977,1.13362,1.13372,1.00,3.00
2017.08.10 06:58:53.433,1.1336,1.13368,1.12,1.50
2017.08.10 06:58:53.637,1.13358,1.13368,1.00,2.25
2017.08.10 06:58:53.944,1.13363,1.1337,1.00,2.25
2017.08.10 06:58:54.249,1.13365,1.13373,1.00,1.75
2017.08.10 06:58:55.049,1.13367,1.13371,1.00,1.00
2017.08.10 06:58:55.355,1.1337,1.13376,1.00,1.12
2017.08.10 06:58:55.508,1.13372,1.13381,1.00,3.37
2017.08.10 06:58:55.660,1.13372,1.13382,1.00,1.75
2017.08.10 06:58:55.969,1.1337,1.13382,1.12,2.25
2017.08.10 06:58:57.615,1.13371,1.13382,1.00,2.62
2017.08.10 06:58:58.451,1.13372,1.13383,1.00,3.75
2017.08.10 06:58:58.969,1.13372,1.13383,1.00,1.87
2017.08.10 06:58:59.380,1.13368,1.13376,1.75,1.50
2017.08.10 06:58:59.431,1.13368,1.13378,1.75,2.25
2017.08.10 06:58:59.533,1.13368,1.13378,1.00,3.00
2017.08.10 06:59:00.047,1.1337,1.13378,1.00,2.25
2017.08.10 06:59:00.354,1.13374,1.13384,1.50,2.62
2017.08.10 06:59:00.525,1.13374,1.13385,1.50,2.25
2017.08.10 06:59:01.247,1.13369,1.1338,2.62,1.00
2017.08.10 06:59:01.554,1.13357,1.13367,1.12,1.50
2017.08.10 06:59:01.657,1.13357,1.13367,1.00,3.00
2017.08.10 06:59:04.763,1.13356,1.13367,1.00,3.00
2017.08.10 06:59:05.947,1.13355,1.13367,1.87,3.75
2017.08.10 06:59:07.459,1.13354,1.13366,1.50,2.25
2017.08.10 06:59:15.192,1.13351,1.1336,1.75,1.50
2017.08.10 06:59:15.295,1.13349,1.13359,3.00,1.50
2017.08.10 06:59:15.347,1.13349,1.13359,2.62,1.37
2017.08.10 06:59:15.399,1.13349,1.13359,2.25,1.75
2017.08.10 06:59:15.944,1.13348,1.13359,1.50,1.75
2017.08.10 06:59:17.561,1.13348,1.1336,1.87,3.00
2017.08.10 06:59:19.988,1.13349,1.1336,1.12,3.00
2017.08.10 06:59:20.281,1.13349,1.13362,1.87,3.75
2017.08.10 06:59:23.084,1.13351,1.13362,1.00,2.25
2017.08.10 06:59:23.701,1.13352,1.13363,1.50,1.75
2017.08.10 06:59:24.603,1.13353,1.13363,1.00,1.75
2017.08.10 06:59:24.705,1.13353,1.13364,1.12,2.25
2017.08.10 06:59:30.165,1.13355,1.13366,1.50,3.37
2017.08.10 06:59:30.670,1.13355,1.13366,1.50,1.75
2017.08.10 06:59:32.006,1.13354,1.13365,1.00,2.25
2017.08.10 06:59:40.153,1.13356,1.13367,1.50,1.75
2017.08.10 06:59:40.676,1.13357,1.13367,1.00,1.75
2017.08.10 06:59:41.223,1.13355,1.13366,1.50,2.25
2017.08.10 06:59:41.756,1.13355,1.13365,1.00,1.75
2017.08.10 06:59:43.245,1.13356,1.13366,1.00,3.75
2017.08.10 06:59:47.838,1.13355,1.13364,1.00,2.25
2017.08.10 06:59:48.339,1.13354,1.13364,1.50,2.25
2017.08.10 06:59:50.266,1.13356,1.13365,1.00,1.75
2017.08.10 06:59:50.795,1.13357,1.13366,1.00,2.25
2017.08.10 06:59:51.294,1.13355,1.13365,1.00,1.75
2017.08.10 06:59:51.345,1.13353,1.13363,1.12,2.62
2017.08.10 06:59:51.651,1.13351,1.13361,1.87,1.75
2017.08.10 06:59:51.855,1.13349,1.13358,1.00,1.12
2017.08.10 06:59:51.907,1.13347,1.13356,1.12,1.00
2017.08.10 06:59:52.009,1.13344,1.13355,1.87,1.50
2017.08.10 06:59:52.111,1.13344,1.13355,1.12,2.25
