2017.08.16 07:00:00.274,1.14093,1.14106,3.60,3.37
2017.08.16 07:00:00.543,1.14095,1.14108,1.91,1.75
2017.08.16 07:00:01.061,1.14091,1.14105,3.04,1.75
2017.08.16 07:00:01.457,1.14094,1.14107,1.12,1.75
2017.08.16 07:00:02.237,1.14096,1.14109,3.04,1.75
2017.08.16 07:00:02.750,1.14097,1.1411,1.87,2.25
2017.08.16 07:00:03.056,1.14102,1.14115,1.50,2.25
2017.08.16 07:00:03.801,1.141,1.14111,1.75,1.12
2017.08.16 07:00:04.548,1.141,1.14111,1.50,1.50
2017.08.16 07:00:05.159,1.141,1.14111,1.75,1.12
2017.08.16 07:00:08.994,1.14099,1.14112,1.75,2.06
2017.08.16 07:00:09.698,1.14099,1.14112,2.62,1.87
2017.08.16 07:00:10.233,1.14099,1.14112,2.25,1.87
2017.08.16 07:00:10.788,1.14099,1.14112,2.25,1.87
2017.08.16 07:00:11.688,1.14099,1.14112,1.87,1.87
2017.08.16 07:00:15.717,1.141,1.14113,2.00,1.12
2017.08.16 07:00:16.220,1.14104,1.14116,1.12,2.06
2017.08.16 07:00:16.522,1.14102,1.14113,1.75,1.25
2017.08.16 07:00:16.733,1.14099,1.14113,3.37,2.25
2017.08.16 07:00:16.836,1.14099,1.14113,1.75,2.25
2017.08.16 07:00:19.051,1.14101,1.14114,1.31,1.75
2017.08.16 07:00:19.417,1.14106,1.1412,2.85,1.12
2017.08.16 07:00:19.621,1.14111,1.14123,1.00,3.37
2017.08.16 07:00:19.827,1.14114,1.14127,1.12,3.37
2017.08.16 07:00:20.032,1.14114,1.14128,1.75,2.06
2017.08.16 07:00:21.142,1.14112,1.14127,3.07,1.87
2017.08.16 07:00:23.040,1.14111,1.14124,1.75,2.62
2017.08.16 07:00:23.356,1.1411,1.14123,2.81,1.75
2017.08.16 07:00:24.286,1.14121,1.14133,1.00,5.25
2017.08.16 07:00:24.389,1.14123,1.14133,1.00,1.00
2017.08.16 07:00:24.492,1.14123,1.14137,1.87,2.14
2017.08.16 07:00:24.698,1.14122,1.14134,1.00,2.70
2017.08.16 07:00:26.112,1.1412,1.14132,1.37,1.00
2017.08.16 07:00:27.798,1.1412,1.14133,1.37,1.69
2017.08.16 07:00:28.542,1.1412,1.14132,1.37,1.00
2017.08.16 07:00:29.073,1.1412,1.14131,1.37,1.12
2017.08.16 07:00:31.610,1.1412,1.14132,1.37,1.00
2017.08.16 07:00:33.768,1.1412,1.14132,1.37,1.44
2017.08.16 07:00:34.539,1.1412,1.14132,1.37,1.25
2017.08.16 07:00:35.086,1.1412,1.14132,1.37,1.44
2017.08.16 07:00:35.651,1.1412,1.14132,1.37,1.00
2017.08.16 07:00:35.909,1.14124,1.14137,1.00,2.25
2017.08.16 07:00:36.062,1.14125,1.14138,1.87,1.87
2017.08.16 07:00:36.369,1.14125,1.14138,2.62,1.69
2017.08.16 07:00:36.675,1.14127,1.1414,1.75,1.50
2017.08.16 07:00:37.557,1.1413,1.14144,1.87,2.51
2017.08.16 07:00:37.863,1.14131,1.14144,1.75,1.50
2017.08.16 07:00:38.949,1.14132,1.14146,2.25,1.12
2017.08.16 07:00:40.244,1.14133,1.14147,2.81,1.75
2017.08.16 07:01:01.152,1.14135,1.14148,1.75,1.87
2017.08.16 07:01:02.639,1.14136,1.14149,2.44,1.87
2017.08.16 07:01:03.066,1.1414,1.14151,1.54,4.12
2017.08.16 07:01:03.271,1.14143,1.14155,1.50,1.75
2017.08.16 07:01:03.627,1.1414,1.14153,1.50,2.25
2017.08.16 07:01:12.054,1.14141,1.14153,1.69,1.75
2017.08.16 07:01:12.585,1.14142,1.14154,1.50,2.25
2017.08.16 07:01:13.608,1.14143,1.14154,1.00,1.75
2017.08.16 07:01:20.672,1.14143,1.14156,1.50,5.25
2017.08.16 07:01:21.213,1.14144,1.14156,1.00,3.37
2017.08.16 07:01:22.666,1.14145,1.14156,1.00,2.62
2017.08.16 07:01:22.990,1.14142,1.14154,1.50,1.75
2017.08.16 07:01:23.195,1.14142,1.14153,1.00,2.62
2017.08.16 07:01:23.705,1.1414,1.14151,1.50,1.37
2017.08.16 07:01:31.529,1.14143,1.14153,1.00,1.37
2017.08.16 07:01:31.632,1.14143,1.14155,1.12,2.06
2017.08.16 07:01:34.928,1.14143,1.14155,1.37,2.06
2017.08.16 07:01:42.320,1.14141,1.14154,1.75,1.50
2017.08.16 07:01:42.885,1.14141,1.14154,1.75,1.87
2017.08.16 07:01:45.462,1.1414,1.14154,4.69,2.81
2017.08.16 07:01:45.564,1.1414,1.14154,1.87,3.56
2017.08.16 07:01:46.028,1.14141,1.14154,1.75,2.06
2017.08.16 07:01:51.132,1.14141,1.1415,1.75,1.00
2017.08.16 07:01:51.338,1.14139,1.1415,1.75,1.31
2017.08.16 07:01:51.866,1.14143,1.14152,1.00,1.12
2017.08.16 07:01:52.368,1.14141,1.14153,1.75,1.50
2017.08.16 07:01:52.920,1.14141,1.14154,1.75,3.56
2017.08.16 07:01:58.140,1.14142,1.14152,1.12,1.00
2017.08.16 07:01:59.884,1.14141,1.14151,1.75,1.00
2017.08.16 07:02:01.681,1.1414,1.14149,1.75,1.00
2017.08.16 07:02:01.783,1.14139,1.14149,1.75,1.00
2017.08.16 07:02:02.192,1.14138,1.1415,1.12,1.87
2017.08.16 07:02:02.347,1.14139,1.14151,1.37,1.37
2017.08.16 07:02:02.900,1.1414,1.14153,1.12,2.06
2017.08.16 07:02:03.259,1.14142,1.14155,1.50,2.62
2017.08.16 07:02:03.361,1.14143,1.14154,1.37,1.00
2017.08.16 07:02:03.666,1.14144,1.14157,1.87,3.75
2017.08.16 07:02:04.191,1.14144,1.14157,1.87,3.00
2017.08.16 07:02:04.710,1.14144,1.14156,1.75,3.37
2017.08.16 07:02:04.915,1.14142,1.14155,1.87,1.87
2017.08.16 07:02:05.445,1.14143,1.14154,2.62,1.00
2017.08.16 07:02:05.957,1.14144,1.14156,1.87,1.87
2017.08.16 07:02:06.548,1.14144,1.14152,1.12,1.00
2017.08.16 07:02:06.651,1.14143,1.14155,1.75,2.62
2017.08.16 07:02:07.161,1.14143,1.14155,1.12,2.62
2017.08.16 07:02:07.856,1.14143,1.14151,1.12,1.00
2017.08.16 07:02:08.111,1.14142,1.14153,1.75,1.50
2017.08.16 07:02:08.620,1.14141,1.14154,2.06,1.87
2017.08.16 07:02:10.072,1.14143,1.14155,2.06,2.25
2017.08.16 07:02:10.583,1.14143,1.14155,2.25,1.87
2017.08.16 07:02:11.093,1.14143,1.14151,1.87,1.00
2017.08.16 07:02:11.299,1.1414,1.14152,2.06,1.50
2017.08.16 07:02:14.523,1.14143,1.14154,1.12,1.12
2017.08.16 07:02:15.043,1.14143,1.14153,1.12,1.00
2017.08.16 07:02:18.820,1.14142,1.14152,1.75,1.00
2017.08.16 07:02:19.167,1.14139,1.14149,1.87,1.00
2017.08.16 07:02:19.218,1.14138,1.14149,1.87,1.50
2017.08.16 07:02:19.423,1.14136,1.14147,3.75,1.00
2017.08.16 07:02:19.526,1.14137,1.14147,1.12,1.00
2017.08.16 07:02:19.577,1.14137,1.14145,1.12,1.00
2017.08.16 07:02:20.141,1.14135,1.14145,1.87,1.50
2017.08.16 07:02:20.549,1.14135,1.14145,1.37,1.12
2017.08.16 07:02:21.161,1.14134,1.14144,1.12,1.00
2017.08.16 07:02:21.670,1.14135,1.14144,1.00,1.12
2017.08.16 07:02:25.495,1.14134,1.14144,1.12,1.00
2017.08.16 07:02:26.686,1.14135,1.14145,1.37,1.12
2017.08.16 07:02:34.963,1.14134,1.14144,1.87,1.12
2017.08.16 07:02:35.487,1.14133,1.14144,1.87,3.19
2017.08.16 07:02:35.997,1.14133,1.14142,1.12,1.25
2017.08.16 07:02:36.524,1.14134,1.14142,1.00,1.25
2017.08.16 07:02:39.417,1.14133,1.1414,1.37,1.00
2017.08.16 07:02:39.720,1.14126,1.14135,1.37,1.12
2017.08.16 07:02:39.771,1.14126,1.14135,1.00,1.12
2017.08.16 07:02:40.336,1.14125,1.14136,1.31,1.50
2017.08.16 07:02:40.837,1.14126,1.14136,1.00,1.50
2017.08.16 07:02:41.409,1.14125,1.14137,1.31,1.75
2017.08.16 07:02:42.335,1.14126,1.14137,1.00,1.75
2017.08.16 07:02:44.539,1.14125,1.14136,1.31,1.00
2017.08.16 07:02:44.743,1.14127,1.14139,2.44,1.75
2017.08.16 07:02:45.286,1.14128,1.14139,1.62,1.50
2017.08.16 07:02:46.170,1.14129,1.14139,1.37,1.12
2017.08.16 07:02:47.176,1.14129,1.14138,1.37,1.00
2017.08.16 07:02:52.136,1.14129,1.14139,1.37,1.12
2017.08.16 07:02:54.575,1.14129,1.14138,1.37,1.00
2017.08.16 07:03:00.737,1.14129,1.1414,1.62,1.50
2017.08.16 07:03:01.345,1.14129,1.14138,1.37,1.00
2017.08.16 07:03:01.865,1.14129,1.14139,1.62,1.12
2017.08.16 07:03:08.621,1.14129,1.14139,1.12,1.00
2017.08.16 07:03:09.131,1.14129,1.1414,1.31,1.12
2017.08.16 07:03:14.006,1.14132,1.14141,1.37,1.00
2017.08.16 07:03:14.516,1.14131,1.14142,1.37,1.50
2017.08.16 07:03:21.592,1.1413,1.1414,1.12,1.00
2017.08.16 07:03:21.948,1.14129,1.1414,1.37,3.00
2017.08.16 07:03:22.000,1.14126,1.14137,1.75,1.00
2017.08.16 07:03:22.051,1.14126,1.14137,1.75,1.12
2017.08.16 07:03:24.116,1.14126,1.14136,1.12,1.00
2017.08.16 07:03:28.453,1.14127,1.14137,1.37,1.50
2017.08.16 07:03:28.967,1.14127,1.14139,1.12,1.87
2017.08.16 07:03:29.495,1.14132,1.1414,2.62,2.62
2017.08.16 07:03:29.751,1.14137,1.14149,2.25,4.12
2017.08.16 07:03:29.802,1.14137,1.14149,2.62,4.12
2017.08.16 07:03:29.853,1.14138,1.14149,1.12,1.50
2017.08.16 07:03:30.403,1.14139,1.1415,1.00,1.75
2017.08.16 07:03:31.941,1.14138,1.1415,1.12,2.00
2017.08.16 07:03:32.451,1.14139,1.1415,1.00,1.75
2017.08.16 07:03:32.995,1.14138,1.1415,1.31,1.75
2017.08.16 07:03:35.314,1.14138,1.14147,1.37,1.00
2017.08.16 07:03:35.365,1.14138,1.14149,1.31,1.87
2017.08.16 07:03:35.468,1.14137,1.14148,1.37,1.50
2017.08.16 07:03:35.811,1.14134,1.14145,1.87,2.25
2017.08.16 07:03:36.459,1.14134,1.14145,1.12,2.62
2017.08.16 07:03:39.277,1.14134,1.14144,1.12,1.00
2017.08.16 07:03:39.481,1.14133,1.14143,1.37,1.12
2017.08.16 07:03:41.169,1.14133,1.14144,1.12,1.12
2017.08.16 07:03:43.542,1.14133,1.14143,1.12,1.00
2017.08.16 07:03:44.069,1.14133,1.14144,1.12,1.12
2017.08.16 07:03:44.688,1.14132,1.14143,1.12,1.00
2017.08.16 07:03:45.201,1.14132,1.14143,1.12,1.12
2017.08.16 07:03:49.818,1.14132,1.14142,1.12,1.00
2017.08.16 07:03:50.593,1.14131,1.14141,1.87,1.00
2017.08.16 07:03:50.874,1.14131,1.14141,1.37,1.12
2017.08.16 07:03:55.583,1.14131,1.1414,1.37,1.00
2017.08.16 07:03:56.130,1.1413,1.14142,1.12,2.44
2017.08.16 07:03:58.093,1.14132,1.14145,1.56,2.62
2017.08.16 07:03:58.195,1.14134,1.14147,1.37,6.00
2017.08.16 07:03:58.603,1.14136,1.14148,1.87,2.62
2017.08.16 07:03:58.706,1.14138,1.14149,1.00,1.75
2017.08.16 07:04:00.416,1.14142,1.1415,1.50,2.25
2017.08.16 07:04:00.620,1.14142,1.14152,2.25,1.50
2017.08.16 07:04:01.148,1.14142,1.14152,2.25,1.50
2017.08.16 07:04:01.512,1.14143,1.14155,3.56,2.25
2017.08.16 07:04:01.818,1.14145,1.14155,1.00,1.50
2017.08.16 07:04:02.008,1.14143,1.14155,2.62,1.75
2017.08.16 07:04:02.216,1.14141,1.14152,1.12,1.75
2017.08.16 07:04:02.729,1.1414,1.14152,2.06,1.75
2017.08.16 07:04:03.266,1.14141,1.14151,1.00,1.50
2017.08.16 07:04:05.308,1.14138,1.14151,2.44,2.25
2017.08.16 07:04:05.971,1.14138,1.1415,5.06,1.75
2017.08.16 07:04:13.487,1.1414,1.14152,1.62,2.25
2017.08.16 07:04:14.028,1.1414,1.14152,1.69,2.25
2017.08.16 07:04:14.535,1.1414,1.14152,1.50,2.25
2017.08.16 07:04:16.151,1.14142,1.14154,1.31,2.62
2017.08.16 07:04:16.464,1.14148,1.1416,2.62,2.00
2017.08.16 07:04:17.246,1.14148,1.14159,1.37,1.50
2017.08.16 07:04:17.784,1.14148,1.14159,2.44,1.75
2017.08.16 07:04:18.149,1.14149,1.14162,3.82,2.25
2017.08.16 07:04:19.243,1.1415,1.1416,1.00,1.50
2017.08.16 07:04:19.550,1.14147,1.14158,1.37,1.75
2017.08.16 07:04:20.053,1.14148,1.1416,2.87,1.75
2017.08.16 07:04:20.105,1.14147,1.14157,1.37,1.12
2017.08.16 07:04:20.258,1.14145,1.14156,1.47,1.75
2017.08.16 07:04:20.775,1.14145,1.14156,1.47,1.75
2017.08.16 07:04:21.926,1.14141,1.14153,3.00,1.37
2017.08.16 07:04:21.978,1.14141,1.14152,1.37,1.50
2017.08.16 07:04:22.502,1.1414,1.14152,1.37,2.00
2017.08.16 07:04:35.718,1.14141,1.14152,1.19,1.75
2017.08.16 07:04:36.498,1.14141,1.14152,1.00,1.75
2017.08.16 07:04:39.006,1.1414,1.14152,2.25,1.75
2017.08.16 07:04:39.520,1.1414,1.14152,2.62,1.75
2017.08.16 07:04:53.630,1.1414,1.14151,1.00,1.75
2017.08.16 07:04:54.151,1.1414,1.14151,1.37,1.50
2017.08.16 07:05:00.506,1.14141,1.14152,1.19,1.75
2017.08.16 07:05:01.040,1.14141,1.14152,1.00,1.75
2017.08.16 07:05:02.486,1.1414,1.14152,2.06,1.50
2017.08.16 07:05:08.917,1.14142,1.14153,1.69,1.75
2017.08.16 07:05:10.161,1.14146,1.14155,2.62,1.75
2017.08.16 07:05:10.315,1.14146,1.14158,3.56,1.75
2017.08.16 07:05:10.864,1.14148,1.14159,1.50,2.25
2017.08.16 07:05:13.151,1.14148,1.14159,1.69,2.25
2017.08.16 07:05:14.389,1.14148,1.14158,1.50,1.75
2017.08.16 07:05:14.912,1.14147,1.14158,1.00,2.00
2017.08.16 07:05:16.185,1.14146,1.14158,3.93,2.44
2017.08.16 07:05:16.725,1.14149,1.1416,1.37,1.50
2017.08.16 07:05:17.373,1.14149,1.14161,1.00,2.25
2017.08.16 07:05:20.740,1.1415,1.14162,1.31,1.75
2017.08.16 07:05:20.842,1.1415,1.14161,1.50,2.25
2017.08.16 07:05:20.894,1.14149,1.14161,1.69,2.25
2017.08.16 07:05:21.427,1.14149,1.14161,1.31,2.25
2017.08.16 07:05:22.241,1.14148,1.14159,2.25,1.75
2017.08.16 07:05:23.709,1.14147,1.14159,2.81,2.25
2017.08.16 07:05:25.045,1.14146,1.14157,2.25,1.75
2017.08.16 07:05:29.042,1.14146,1.14158,3.75,1.75
2017.08.16 07:05:29.470,1.14148,1.1416,1.37,1.75
2017.08.16 07:05:32.259,1.14146,1.14157,1.12,1.00
2017.08.16 07:05:32.310,1.14144,1.14156,3.26,1.87
2017.08.16 07:05:32.362,1.14144,1.14155,2.06,2.25
2017.08.16 07:05:32.872,1.14143,1.14155,1.31,2.25
2017.08.16 07:05:33.470,1.14143,1.14154,1.25,1.75
2017.08.16 07:05:34.094,1.14143,1.14154,1.19,1.75
2017.08.16 07:05:34.682,1.1414,1.14153,1.39,3.37
2017.08.16 07:05:34.938,1.1414,1.14151,1.00,1.75
2017.08.16 07:05:35.451,1.1414,1.14151,1.37,1.50
2017.08.16 07:05:36.431,1.1414,1.14151,1.31,1.50
2017.08.16 07:05:37.392,1.14142,1.14152,1.87,2.25
2017.08.16 07:05:37.699,1.14144,1.14153,1.50,1.75
2017.08.16 07:05:38.135,1.14145,1.14153,1.50,1.00
2017.08.16 07:05:38.186,1.14145,1.14156,3.19,1.75
2017.08.16 07:05:38.702,1.14145,1.14156,1.69,1.75
2017.08.16 07:05:39.253,1.14145,1.14156,1.87,2.25
2017.08.16 07:05:42.713,1.14144,1.14155,1.31,1.75
2017.08.16 07:05:45.378,1.14143,1.14154,2.25,1.75
2017.08.16 07:05:48.570,1.14141,1.14152,2.62,1.75
2017.08.16 07:05:49.088,1.14141,1.14153,1.37,1.75
2017.08.16 07:06:00.923,1.14141,1.14153,1.69,1.75
2017.08.16 07:06:01.903,1.14142,1.14154,1.25,2.25
2017.08.16 07:06:03.440,1.14142,1.14153,1.19,1.75
2017.08.16 07:06:05.389,1.14142,1.14153,1.25,1.75
2017.08.16 07:06:05.921,1.14143,1.14153,1.00,1.75
2017.08.16 07:06:06.436,1.14141,1.14153,1.87,3.00
2017.08.16 07:06:07.140,1.14142,1.14153,1.00,3.00
2017.08.16 07:06:07.675,1.14142,1.14153,1.31,1.75
2017.08.16 07:06:08.135,1.14141,1.14153,1.50,3.00
2017.08.16 07:06:08.686,1.14142,1.14153,1.00,3.00
2017.08.16 07:06:09.095,1.14143,1.14151,1.19,1.00
2017.08.16 07:06:09.401,1.14145,1.14156,1.69,1.75
2017.08.16 07:06:09.932,1.14145,1.14156,1.19,1.75
2017.08.16 07:06:10.137,1.14144,1.14155,1.31,3.00
2017.08.16 07:06:10.291,1.14142,1.14153,1.50,3.00
2017.08.16 07:06:11.090,1.14142,1.14151,1.69,1.00
2017.08.16 07:06:12.721,1.14144,1.14155,1.19,2.62
2017.08.16 07:06:12.875,1.14145,1.14156,1.31,2.25
2017.08.16 07:06:13.458,1.14145,1.14158,1.69,1.87
2017.08.16 07:06:14.033,1.14146,1.14158,1.31,1.75
2017.08.16 07:06:14.414,1.1415,1.1416,2.06,4.12
2017.08.16 07:06:14.518,1.14152,1.14164,1.69,2.62
2017.08.16 07:06:14.621,1.14153,1.14164,1.00,2.81
2017.08.16 07:06:15.636,1.1415,1.14162,1.75,2.62
2017.08.16 07:06:15.789,1.14149,1.1416,1.87,1.62
2017.08.16 07:06:15.891,1.14148,1.1416,2.25,1.19
2017.08.16 07:06:16.082,1.14149,1.14162,1.87,1.37
2017.08.16 07:06:19.630,1.14149,1.14161,1.87,2.81
2017.08.16 07:06:21.026,1.14152,1.14163,1.00,1.12
2017.08.16 07:06:21.128,1.14152,1.14163,1.50,1.37
2017.08.16 07:06:23.305,1.14154,1.14166,1.00,1.87
2017.08.16 07:06:23.818,1.14154,1.14166,1.12,2.25
2017.08.16 07:06:25.265,1.14154,1.14166,1.50,1.37
2017.08.16 07:06:25.317,1.14154,1.14166,1.87,1.37
2017.08.16 07:06:28.768,1.14156,1.14168,2.81,1.12
2017.08.16 07:06:28.972,1.14159,1.14171,1.12,3.00
2017.08.16 07:06:29.023,1.14159,1.14171,1.50,1.12
2017.08.16 07:06:31.321,1.1416,1.1417,1.50,1.00
2017.08.16 07:06:31.424,1.14162,1.14174,1.37,1.12
2017.08.16 07:06:31.527,1.14163,1.14173,1.37,1.00
2017.08.16 07:06:31.939,1.14165,1.14175,1.37,1.00
2017.08.16 07:06:32.251,1.14168,1.14179,1.37,1.37
2017.08.16 07:06:32.303,1.14168,1.14179,1.75,1.00
2017.08.16 07:06:32.569,1.14172,1.14183,2.81,3.37
2017.08.16 07:06:32.775,1.14176,1.14189,1.50,2.62
2017.08.16 07:06:33.300,1.14178,1.1419,1.00,1.87
2017.08.16 07:06:33.809,1.14178,1.1419,1.12,1.87
2017.08.16 07:06:37.104,1.14176,1.14186,1.12,1.00
2017.08.16 07:06:40.673,1.14176,1.14187,2.00,1.12
2017.08.16 07:06:41.185,1.14176,1.14188,1.69,1.75
2017.08.16 07:06:41.841,1.14173,1.14182,3.00,1.12
2017.08.16 07:06:41.892,1.14169,1.1418,3.00,1.00
2017.08.16 07:06:41.943,1.14169,1.1418,1.37,1.37
2017.08.16 07:06:41.995,1.14169,1.1418,1.00,2.00
2017.08.16 07:06:42.148,1.14167,1.14179,1.12,3.00
2017.08.16 07:06:42.200,1.14166,1.14177,1.37,1.50
2017.08.16 07:06:42.714,1.14165,1.14176,1.37,1.50
2017.08.16 07:06:44.176,1.14165,1.14174,1.37,1.00
2017.08.16 07:06:44.278,1.14165,1.14172,1.00,1.00
2017.08.16 07:06:44.521,1.14161,1.14172,1.50,1.50
2017.08.16 07:06:48.355,1.14163,1.14172,1.69,1.00
2017.08.16 07:06:48.559,1.14166,1.14175,1.56,1.00
2017.08.16 07:06:49.070,1.14168,1.1418,1.25,1.75
2017.08.16 07:06:49.121,1.14168,1.14181,1.62,4.12
2017.08.16 07:06:49.578,1.14167,1.14178,1.50,1.37
2017.08.16 07:06:50.084,1.14167,1.14178,1.12,1.75
2017.08.16 07:06:50.728,1.1417,1.14181,1.25,2.62
2017.08.16 07:06:50.831,1.1417,1.14182,1.31,2.25
2017.08.16 07:06:50.985,1.14171,1.1418,1.62,1.00
2017.08.16 07:06:51.693,1.14172,1.14181,1.00,1.50
2017.08.16 07:06:51.797,1.1417,1.14181,1.87,1.37
2017.08.16 07:06:52.104,1.14169,1.1418,1.50,1.50
2017.08.16 07:06:52.257,1.14169,1.14179,1.00,1.37
2017.08.16 07:06:52.843,1.14169,1.14181,1.19,1.75
2017.08.16 07:06:53.047,1.14169,1.14181,2.06,1.75
2017.08.16 07:06:53.628,1.14171,1.14181,1.00,1.50
2017.08.16 07:06:55.598,1.14171,1.14181,1.62,1.50
2017.08.16 07:06:55.898,1.14173,1.14184,1.56,2.25
2017.08.16 07:06:56.001,1.14174,1.14183,1.25,1.00
2017.08.16 07:06:56.205,1.14179,1.14185,1.12,1.75
2017.08.16 07:06:56.308,1.14179,1.1419,5.44,2.62
2017.08.16 07:06:56.359,1.14181,1.14191,1.31,2.62
2017.08.16 07:06:56.411,1.14181,1.14194,2.06,3.37
2017.08.16 07:06:56.513,1.14181,1.14194,2.81,1.75
2017.08.16 07:06:56.615,1.14184,1.14194,1.00,1.75
2017.08.16 07:06:57.368,1.14184,1.14194,1.87,1.75
2017.08.16 07:06:57.626,1.14182,1.14192,1.12,1.75
2017.08.16 07:06:58.580,1.1418,1.14191,1.00,2.25
2017.08.16 07:06:59.162,1.14178,1.14188,1.50,1.50
2017.08.16 07:06:59.213,1.14178,1.14188,1.00,1.50
2017.08.16 07:06:59.743,1.14177,1.14188,1.00,1.75
2017.08.16 07:07:00.298,1.14179,1.14188,1.00,1.75
2017.08.16 07:07:00.604,1.14183,1.14193,1.00,3.37
2017.08.16 07:07:01.115,1.14182,1.14193,1.00,1.75
2017.08.16 07:07:01.627,1.14183,1.14193,1.00,1.75
2017.08.16 07:07:02.599,1.14186,1.14191,1.00,1.00
2017.08.16 07:07:02.779,1.14186,1.14197,1.69,2.62
2017.08.16 07:07:02.831,1.14188,1.14197,1.00,2.44
2017.08.16 07:07:03.333,1.14187,1.14197,1.00,2.44
2017.08.16 07:07:03.639,1.14194,1.14203,1.87,2.62
2017.08.16 07:07:03.742,1.14196,1.14207,1.12,1.75
2017.08.16 07:07:03.844,1.142,1.14208,1.00,1.75
2017.08.16 07:07:04.170,1.1421,1.14214,1.00,1.00
2017.08.16 07:07:04.274,1.1421,1.14219,1.12,1.37
2017.08.16 07:07:04.480,1.1421,1.14219,1.50,1.00
2017.08.16 07:07:05.033,1.14211,1.14222,1.12,2.25
2017.08.16 07:07:05.541,1.1421,1.14222,1.50,1.75
2017.08.16 07:07:05.694,1.1421,1.14222,1.50,1.75
2017.08.16 07:07:05.949,1.14212,1.14221,1.00,1.75
2017.08.16 07:07:06.499,1.14211,1.14223,1.50,2.00
2017.08.16 07:07:06.805,1.1421,1.14221,1.12,1.50
2017.08.16 07:07:07.320,1.14209,1.14221,1.50,2.25
2017.08.16 07:07:08.567,1.14208,1.14219,1.50,1.75
2017.08.16 07:07:09.070,1.14208,1.1422,1.12,1.75
2017.08.16 07:07:10.113,1.14208,1.14219,1.00,1.75
2017.08.16 07:07:11.548,1.14209,1.1422,1.00,4.12
2017.08.16 07:07:12.092,1.14209,1.1422,1.00,1.75
2017.08.16 07:07:13.955,1.14207,1.14218,1.37,2.25
2017.08.16 07:07:14.007,1.14205,1.14217,1.50,2.19
2017.08.16 07:07:14.111,1.14203,1.14215,1.50,1.87
2017.08.16 07:07:14.418,1.14203,1.14213,1.00,1.75
2017.08.16 07:07:14.937,1.14202,1.14213,1.00,1.75
2017.08.16 07:07:19.731,1.142,1.14211,1.12,1.50
2017.08.16 07:07:21.501,1.14199,1.14211,1.12,1.75
2017.08.16 07:07:23.729,1.14198,1.14209,1.00,2.25
2017.08.16 07:07:26.355,1.14197,1.14207,1.00,1.50
2017.08.16 07:07:26.875,1.14196,1.14207,2.00,1.50
2017.08.16 07:07:27.182,1.14199,1.14211,2.44,3.37
2017.08.16 07:07:27.285,1.142,1.14212,1.69,2.25
2017.08.16 07:07:27.662,1.14195,1.142,3.00,1.00
2017.08.16 07:07:27.765,1.14185,1.14196,4.12,3.94
2017.08.16 07:07:27.817,1.14185,1.14191,2.62,1.00
2017.08.16 07:07:27.920,1.14181,1.14188,1.00,1.50
2017.08.16 07:07:27.972,1.14176,1.14187,2.25,1.75
2017.08.16 07:07:28.025,1.14175,1.14187,1.50,2.25
2017.08.16 07:07:28.281,1.14176,1.14188,1.44,2.25
2017.08.16 07:07:28.804,1.14177,1.14188,3.75,1.75
2017.08.16 07:07:31.296,1.1418,1.14188,1.00,1.75
2017.08.16 07:07:31.451,1.14181,1.14191,1.00,1.75
2017.08.16 07:07:31.966,1.14181,1.14192,1.00,2.25
2017.08.16 07:07:32.352,1.14186,1.1419,3.75,1.00
2017.08.16 07:07:32.567,1.14187,1.14196,1.37,1.00
2017.08.16 07:07:35.252,1.14187,1.14198,1.12,1.75
2017.08.16 07:07:35.356,1.14186,1.14196,1.37,1.37
2017.08.16 07:07:35.408,1.14185,1.14194,1.50,1.12
2017.08.16 07:07:35.867,1.14183,1.14193,1.37,1.37
2017.08.16 07:07:36.468,1.14181,1.14191,2.06,1.37
2017.08.16 07:07:37.005,1.14181,1.14191,1.62,1.50
2017.08.16 07:07:37.569,1.14179,1.1419,1.31,1.37
2017.08.16 07:07:37.622,1.14177,1.14186,1.37,1.00
2017.08.16 07:07:37.726,1.14176,1.14186,1.00,1.50
2017.08.16 07:07:38.239,1.14175,1.14185,1.37,1.50
2017.08.16 07:07:38.393,1.14176,1.14188,3.37,3.37
2017.08.16 07:07:38.547,1.14177,1.14189,3.75,1.75
2017.08.16 07:07:40.259,1.14176,1.14187,1.50,2.25
2017.08.16 07:07:41.027,1.14175,1.14186,2.06,1.75
2017.08.16 07:07:41.533,1.14176,1.14186,1.00,1.75
2017.08.16 07:07:41.842,1.14176,1.14188,2.81,2.25
2017.08.16 07:07:42.351,1.14176,1.14187,1.37,1.75
2017.08.16 07:07:45.058,1.14176,1.14185,1.00,1.12
2017.08.16 07:07:45.572,1.14175,1.14185,1.37,1.50
2017.08.16 07:07:46.091,1.14175,1.14185,1.12,1.50
2017.08.16 07:07:46.553,1.14173,1.14182,1.37,1.00
2017.08.16 07:07:46.859,1.1417,1.14181,1.87,1.75
2017.08.16 07:07:47.963,1.1417,1.14181,5.06,1.75
2017.08.16 07:07:48.477,1.14171,1.14181,1.00,1.75
2017.08.16 07:07:49.568,1.1417,1.14181,1.50,1.75
2017.08.16 07:07:50.242,1.14172,1.14181,1.00,1.75
2017.08.16 07:07:50.500,1.14174,1.14186,2.06,2.25
2017.08.16 07:07:52.655,1.14175,1.14186,1.87,1.75
2017.08.16 07:07:52.808,1.14177,1.14187,1.87,1.50
2017.08.16 07:07:56.252,1.14176,1.14186,1.50,1.50
2017.08.16 07:07:57.293,1.14177,1.14188,1.12,1.75
2017.08.16 07:07:57.794,1.14176,1.14187,3.00,1.75
2017.08.16 07:07:58.298,1.14177,1.14188,1.69,1.75
2017.08.16 07:07:58.846,1.14177,1.14188,2.06,1.75
2017.08.16 07:07:59.531,1.14177,1.14189,4.31,2.25
2017.08.16 07:08:00.477,1.14178,1.14189,1.31,1.75
2017.08.16 07:08:00.986,1.14178,1.14189,1.12,2.25
2017.08.16 07:08:01.490,1.14177,1.14188,2.81,1.75
2017.08.16 07:08:02.005,1.14178,1.14188,1.00,1.75
2017.08.16 07:08:03.796,1.14177,1.14188,4.12,1.37
2017.08.16 07:08:03.848,1.14179,1.14188,1.00,1.12
2017.08.16 07:08:04.368,1.14179,1.1419,2.06,1.50
2017.08.16 07:08:09.208,1.14182,1.14192,1.00,1.75
2017.08.16 07:08:11.378,1.14181,1.14192,1.00,1.75
2017.08.16 07:08:12.197,1.14182,1.14192,1.00,1.75
2017.08.16 07:08:23.764,1.14183,1.14193,2.25,1.75
2017.08.16 07:08:24.072,1.14187,1.14197,1.00,1.75
2017.08.16 07:08:25.148,1.14186,1.14197,1.12,1.75
2017.08.16 07:08:26.195,1.14185,1.14197,1.50,2.25
2017.08.16 07:08:26.864,1.14187,1.14197,1.00,1.75
2017.08.16 07:08:28.833,1.14192,1.14198,1.00,2.62
2017.08.16 07:08:28.936,1.14196,1.14205,1.37,3.00
2017.08.16 07:08:29.038,1.142,1.14204,1.00,2.62
2017.08.16 07:08:29.141,1.14203,1.14213,1.37,1.37
2017.08.16 07:08:29.296,1.14207,1.14217,1.00,3.37
2017.08.16 07:08:29.398,1.14207,1.14216,1.12,1.75
2017.08.16 07:08:29.553,1.1421,1.14219,1.00,3.37
2017.08.16 07:08:29.854,1.14213,1.14222,1.12,1.75
2017.08.16 07:08:31.369,1.14212,1.14222,1.00,2.00
2017.08.16 07:08:31.523,1.1421,1.14221,1.12,1.75
2017.08.16 07:08:31.677,1.14211,1.14221,1.00,1.75
2017.08.16 07:08:32.046,1.14209,1.14219,1.00,1.75
2017.08.16 07:08:32.354,1.14208,1.14217,1.00,1.75
2017.08.16 07:08:32.898,1.14208,1.14217,1.00,1.75
2017.08.16 07:08:34.011,1.14208,1.14219,1.00,1.75
2017.08.16 07:08:35.718,1.14209,1.1422,1.00,1.75
2017.08.16 07:08:36.234,1.14209,1.1422,1.00,1.75
2017.08.16 07:08:36.776,1.14209,1.14219,1.00,1.75
2017.08.16 07:08:37.237,1.14211,1.14221,1.00,1.87
2017.08.16 07:08:37.880,1.14211,1.14221,1.00,1.87
2017.08.16 07:08:39.867,1.14214,1.14223,1.00,3.37
2017.08.16 07:08:40.021,1.14214,1.14224,1.00,1.87
2017.08.16 07:08:40.542,1.14214,1.14224,1.00,1.87
2017.08.16 07:08:40.748,1.14212,1.14224,1.12,2.25
2017.08.16 07:08:41.274,1.14212,1.14223,1.00,2.81
2017.08.16 07:08:43.465,1.14212,1.14221,1.00,1.75
2017.08.16 07:08:43.991,1.14212,1.14221,1.00,1.75
2017.08.16 07:08:45.826,1.14211,1.14221,1.00,1.75
2017.08.16 07:08:46.101,1.14208,1.14218,1.12,1.50
2017.08.16 07:08:46.210,1.14208,1.14218,1.00,1.75
2017.08.16 07:08:47.346,1.14209,1.1422,1.00,3.37
2017.08.16 07:08:47.398,1.14209,1.1422,1.00,1.75
2017.08.16 07:08:47.899,1.1421,1.14221,1.00,1.87
2017.08.16 07:08:48.698,1.14209,1.14221,1.12,2.06
2017.08.16 07:08:48.803,1.14206,1.14215,1.12,1.00
2017.08.16 07:08:48.906,1.14206,1.14215,1.37,1.00
2017.08.16 07:08:49.110,1.14206,1.14218,2.81,1.12
2017.08.16 07:08:49.609,1.14205,1.14216,1.12,1.00
2017.08.16 07:08:49.921,1.14197,1.14207,1.12,1.00
2017.08.16 07:08:50.024,1.14195,1.14207,1.12,1.50
2017.08.16 07:08:50.556,1.14194,1.14205,1.75,1.12
2017.08.16 07:08:50.907,1.14193,1.14203,1.12,1.00
2017.08.16 07:08:51.112,1.14187,1.14199,1.75,1.12
2017.08.16 07:08:52.610,1.14187,1.14197,1.12,1.00
2017.08.16 07:08:52.713,1.14187,1.14197,1.37,1.12
2017.08.16 07:08:55.392,1.14187,1.14199,3.56,1.75
2017.08.16 07:08:55.908,1.14188,1.14199,1.25,1.75
2017.08.16 07:08:56.539,1.14188,1.14199,1.37,1.50
2017.08.16 07:08:58.810,1.14189,1.14199,1.37,1.12
2017.08.16 07:08:59.470,1.14189,1.14199,1.00,1.50
2017.08.16 07:09:01.857,1.14186,1.14198,1.87,1.50
2017.08.16 07:09:02.547,1.14188,1.14199,1.37,1.50
2017.08.16 07:09:05.175,1.14188,1.14199,1.00,2.44
2017.08.16 07:09:05.802,1.14187,1.14198,1.87,1.50
2017.08.16 07:09:06.366,1.1419,1.14201,1.00,4.50
2017.08.16 07:09:06.635,1.14191,1.14202,1.12,1.87
2017.08.16 07:09:09.766,1.14192,1.14204,1.12,2.62
2017.08.16 07:09:09.868,1.14193,1.14205,1.12,2.25
2017.08.16 07:09:10.802,1.14194,1.14205,1.00,2.25
2017.08.16 07:09:10.956,1.14194,1.14207,3.75,2.44
2017.08.16 07:09:11.265,1.14195,1.14207,2.62,1.12
2017.08.16 07:09:15.930,1.14199,1.14209,1.00,1.75
2017.08.16 07:09:16.267,1.14209,1.14219,1.00,1.75
2017.08.16 07:09:16.787,1.14209,1.1422,1.00,2.00
2017.08.16 07:09:17.673,1.1421,1.1422,1.00,2.00
2017.08.16 07:09:17.877,1.14211,1.1422,1.00,1.69
2017.08.16 07:09:18.184,1.14211,1.14223,3.00,2.00
2017.08.16 07:09:18.286,1.14214,1.14225,1.00,2.81
2017.08.16 07:09:18.573,1.14211,1.14222,1.50,1.69
2017.08.16 07:09:18.943,1.14215,1.14221,1.00,1.12
2017.08.16 07:09:19.198,1.14217,1.14224,1.50,1.00
2017.08.16 07:09:19.251,1.14217,1.14224,1.87,1.00
2017.08.16 07:09:19.863,1.14217,1.14225,1.87,1.00
2017.08.16 07:09:20.693,1.14225,1.14229,1.00,1.00
2017.08.16 07:09:20.895,1.14226,1.14232,1.50,1.50
2017.08.16 07:09:20.947,1.1423,1.14238,1.12,2.62
2017.08.16 07:09:20.999,1.1423,1.1424,1.57,2.62
2017.08.16 07:09:21.104,1.14232,1.14241,1.12,1.50
2017.08.16 07:09:21.464,1.14233,1.14243,1.37,1.75
2017.08.16 07:09:21.568,1.14233,1.14245,1.87,2.06
2017.08.16 07:09:21.672,1.14232,1.14243,1.12,1.50
2017.08.16 07:09:22.006,1.14222,1.14234,1.50,1.37
2017.08.16 07:09:22.059,1.14222,1.14234,1.00,1.75
2017.08.16 07:09:22.604,1.14223,1.14234,1.00,2.00
2017.08.16 07:09:23.454,1.14225,1.14235,1.00,1.75
2017.08.16 07:09:23.700,1.14228,1.14237,1.00,1.50
2017.08.16 07:09:23.905,1.14227,1.14237,1.00,1.75
2017.08.16 07:09:24.566,1.14228,1.14237,1.00,1.75
2017.08.16 07:09:25.105,1.14227,1.14237,1.00,1.75
2017.08.16 07:09:25.615,1.14226,1.14237,2.25,1.75
2017.08.16 07:09:28.156,1.14224,1.14237,1.50,2.44
2017.08.16 07:09:28.686,1.14225,1.14236,1.00,2.44
2017.08.16 07:09:29.597,1.14222,1.14233,1.12,1.12
2017.08.16 07:09:32.304,1.14223,1.14235,3.75,1.50
2017.08.16 07:09:32.903,1.14223,1.14235,3.75,1.12
2017.08.16 07:09:40.106,1.14225,1.14234,2.25,1.00
2017.08.16 07:09:40.635,1.14225,1.14235,2.25,1.12
2017.08.16 07:09:41.093,1.14224,1.14233,2.25,1.00
2017.08.16 07:09:41.309,1.14221,1.14233,2.44,1.31
2017.08.16 07:09:41.360,1.1422,1.14231,3.75,1.00
2017.08.16 07:09:41.514,1.1422,1.14231,1.87,1.12
2017.08.16 07:09:42.030,1.14221,1.14232,1.87,1.12
2017.08.16 07:09:42.577,1.14221,1.14232,3.00,1.50
2017.08.16 07:09:43.660,1.14223,1.14232,1.00,1.50
2017.08.16 07:09:43.864,1.14226,1.14233,1.50,1.50
2017.08.16 07:09:44.200,1.14223,1.14233,2.62,1.50
2017.08.16 07:09:45.154,1.14224,1.14233,1.50,1.50
2017.08.16 07:09:45.678,1.14222,1.14233,3.00,1.50
2017.08.16 07:09:49.470,1.14227,1.14235,1.00,2.25
2017.08.16 07:09:49.624,1.14228,1.14239,3.75,3.37
2017.08.16 07:09:49.726,1.14228,1.14242,5.81,3.56
2017.08.16 07:09:49.829,1.1423,1.14244,3.00,6.37
2017.08.16 07:09:51.017,1.14231,1.14244,1.50,3.56
2017.08.16 07:10:00.060,1.14228,1.14242,6.64,1.94
2017.08.16 07:10:01.076,1.14229,1.14242,1.50,3.19
2017.08.16 07:10:02.107,1.14228,1.1424,1.37,2.44
2017.08.16 07:10:02.159,1.14228,1.1424,1.12,2.81
2017.08.16 07:10:04.867,1.14224,1.14236,4.87,1.00
2017.08.16 07:10:04.919,1.14224,1.14236,4.50,1.87
2017.08.16 07:10:04.971,1.14224,1.14236,2.62,2.25
2017.08.16 07:10:07.385,1.14222,1.14235,1.50,1.75
2017.08.16 07:10:07.930,1.1422,1.14231,1.50,1.00
2017.08.16 07:10:08.084,1.14218,1.14231,1.75,1.75
2017.08.16 07:10:08.392,1.14217,1.14229,1.12,1.75
2017.08.16 07:10:09.361,1.1422,1.14229,1.50,1.75
2017.08.16 07:10:09.543,1.14218,1.1423,3.00,1.75
2017.08.16 07:10:10.066,1.14219,1.14232,3.37,3.75
2017.08.16 07:10:10.169,1.1422,1.14232,1.31,1.87
2017.08.16 07:10:10.674,1.1422,1.14233,2.62,1.87
2017.08.16 07:10:15.647,1.14218,1.1423,1.69,1.87
2017.08.16 07:10:15.699,1.14218,1.1423,1.69,1.87
2017.08.16 07:10:16.662,1.14218,1.14229,1.12,1.87
2017.08.16 07:10:18.358,1.14218,1.14229,1.31,1.75
2017.08.16 07:10:18.563,1.14219,1.14231,3.56,1.75
2017.08.16 07:10:20.186,1.14217,1.14228,1.75,1.00
2017.08.16 07:10:20.336,1.14215,1.14227,3.37,1.50
2017.08.16 07:10:20.387,1.14215,1.14227,2.25,1.75
2017.08.16 07:10:20.897,1.14213,1.14224,3.56,1.12
2017.08.16 07:10:22.013,1.14218,1.14227,1.00,1.75
2017.08.16 07:10:22.168,1.14218,1.1423,1.69,1.75
2017.08.16 07:10:22.270,1.14218,1.1423,3.19,1.50
2017.08.16 07:10:24.381,1.14218,1.1423,1.50,1.75
2017.08.16 07:10:24.910,1.14218,1.14231,1.75,2.44
2017.08.16 07:10:25.555,1.14217,1.14229,1.69,1.69
2017.08.16 07:10:25.608,1.14217,1.14228,1.69,1.50
2017.08.16 07:10:27.309,1.14217,1.14229,1.75,2.44
2017.08.16 07:10:30.613,1.14218,1.1423,2.06,1.50
2017.08.16 07:10:33.831,1.14218,1.1423,2.25,2.44
2017.08.16 07:10:37.023,1.14218,1.14229,1.50,1.69
2017.08.16 07:10:37.551,1.14217,1.14229,1.75,1.69
2017.08.16 07:10:39.992,1.14218,1.14227,1.50,1.00
2017.08.16 07:10:40.509,1.14217,1.14228,1.50,1.69
2017.08.16 07:10:42.247,1.14218,1.1423,1.50,2.25
2017.08.16 07:10:45.689,1.14217,1.14227,2.25,1.00
2017.08.16 07:10:46.217,1.14217,1.14228,1.50,1.69
2017.08.16 07:10:46.734,1.14217,1.14228,1.50,1.69
2017.08.16 07:10:47.368,1.14219,1.1423,1.00,2.44
2017.08.16 07:10:47.980,1.14218,1.1423,1.12,2.44
2017.08.16 07:10:48.728,1.14218,1.14229,2.25,1.69
2017.08.16 07:10:49.371,1.14218,1.14229,1.87,2.00
2017.08.16 07:10:49.907,1.14218,1.1423,2.25,2.00
2017.08.16 07:10:51.544,1.14216,1.14228,2.62,1.31
2017.08.16 07:10:51.791,1.14217,1.14228,1.12,1.94
2017.08.16 07:10:51.944,1.14222,1.14228,1.00,1.69
2017.08.16 07:10:52.046,1.14226,1.14232,1.00,1.12
2017.08.16 07:10:52.098,1.14228,1.14236,1.00,3.56
2017.08.16 07:10:52.252,1.14227,1.14238,1.50,2.44
2017.08.16 07:10:52.862,1.14227,1.14238,1.12,2.44
2017.08.16 07:10:53.746,1.14226,1.14237,1.50,2.44
2017.08.16 07:10:58.063,1.14225,1.14236,1.12,2.06
2017.08.16 07:10:58.268,1.14226,1.14237,1.65,2.44
2017.08.16 07:10:58.320,1.14225,1.14237,2.81,2.44
2017.08.16 07:10:58.886,1.14225,1.14236,2.25,1.94
2017.08.16 07:11:00.677,1.14226,1.14234,1.00,2.06
2017.08.16 07:11:00.882,1.14221,1.14233,1.87,3.19
2017.08.16 07:11:01.414,1.14221,1.14232,1.00,1.94
2017.08.16 07:11:01.956,1.1422,1.14232,1.12,2.06
2017.08.16 07:11:02.513,1.1422,1.14232,1.50,2.06
2017.08.16 07:11:03.502,1.1422,1.14232,1.12,3.56
2017.08.16 07:11:18.187,1.14218,1.1423,1.69,1.94
2017.08.16 07:11:21.500,1.14218,1.14229,1.12,2.44
2017.08.16 07:11:21.909,1.14218,1.14231,2.25,2.06
2017.08.16 07:11:22.460,1.14218,1.14229,1.50,1.69
2017.08.16 07:11:22.972,1.14217,1.1423,2.25,3.56
2017.08.16 07:11:25.858,1.14217,1.14228,1.12,2.06
2017.08.16 07:11:26.215,1.14215,1.14225,2.25,1.12
2017.08.16 07:11:27.411,1.14214,1.14224,1.87,1.00
2017.08.16 07:11:27.463,1.14212,1.14223,3.37,1.19
2017.08.16 07:11:27.829,1.14216,1.14226,1.00,2.81
2017.08.16 07:11:28.426,1.14217,1.14226,1.00,1.75
2017.08.16 07:11:28.631,1.14218,1.14229,1.50,2.44
2017.08.16 07:11:35.975,1.14218,1.14227,1.50,1.00
2017.08.16 07:11:36.631,1.14217,1.14227,1.50,1.31
2017.08.16 07:11:37.615,1.14219,1.14228,1.00,2.25
2017.08.16 07:11:38.126,1.14217,1.1423,2.44,2.25
2017.08.16 07:11:41.340,1.14216,1.14227,5.06,1.00
2017.08.16 07:11:41.656,1.14214,1.14226,4.50,1.50
2017.08.16 07:11:42.167,1.14214,1.14224,1.50,1.50
2017.08.16 07:11:42.674,1.14214,1.14222,1.12,1.00
2017.08.16 07:11:43.450,1.1421,1.14219,1.12,1.00
2017.08.16 07:11:43.554,1.14205,1.14216,3.37,1.00
2017.08.16 07:11:43.764,1.14203,1.14215,4.12,1.75
2017.08.16 07:11:44.508,1.14203,1.14212,2.25,1.00
2017.08.16 07:11:44.662,1.14201,1.1421,2.25,1.00
2017.08.16 07:11:44.765,1.14201,1.1421,1.87,1.12
2017.08.16 07:11:45.285,1.14199,1.14209,2.44,1.00
2017.08.16 07:11:48.216,1.14199,1.1421,3.19,1.12
2017.08.16 07:11:48.580,1.14203,1.14211,1.00,1.37
2017.08.16 07:11:48.683,1.14201,1.14211,1.12,1.37
2017.08.16 07:11:48.837,1.142,1.1421,1.37,1.50
2017.08.16 07:11:49.377,1.142,1.1421,1.00,1.75
2017.08.16 07:11:49.682,1.14202,1.14211,1.00,1.75
2017.08.16 07:11:49.886,1.142,1.14211,1.00,1.87
2017.08.16 07:11:50.170,1.14199,1.14209,1.00,1.75
2017.08.16 07:11:50.681,1.142,1.1421,1.00,1.75
2017.08.16 07:11:52.651,1.14206,1.14212,1.00,3.00
2017.08.16 07:11:52.753,1.14207,1.14216,1.00,2.62
2017.08.16 07:11:52.855,1.14208,1.14217,1.00,1.75
2017.08.16 07:11:53.162,1.14208,1.14218,1.00,2.00
2017.08.16 07:11:53.671,1.14209,1.14219,1.12,1.50
2017.08.16 07:11:54.182,1.1421,1.14221,1.00,2.81
2017.08.16 07:11:54.729,1.14208,1.1422,2.25,2.44
2017.08.16 07:11:55.268,1.14208,1.14219,1.00,2.44
2017.08.16 07:11:59.290,1.14208,1.14218,1.12,1.69
2017.08.16 07:12:00.235,1.14207,1.14218,1.12,2.00
2017.08.16 07:12:01.330,1.14208,1.14217,1.00,1.69
2017.08.16 07:12:02.388,1.14208,1.14219,1.12,3.19
2017.08.16 07:12:03.288,1.14206,1.14216,1.75,1.00
2017.08.16 07:12:03.797,1.14208,1.14217,1.00,1.12
2017.08.16 07:12:04.323,1.14206,1.14217,1.12,1.31
2017.08.16 07:12:04.866,1.14206,1.14215,1.87,1.25
2017.08.16 07:12:05.518,1.14206,1.14215,1.50,1.50
2017.08.16 07:12:06.256,1.14206,1.14214,1.50,1.00
2017.08.16 07:12:07.032,1.14204,1.14213,1.75,1.25
2017.08.16 07:12:07.083,1.14204,1.14215,2.62,1.00
2017.08.16 07:12:07.135,1.14204,1.14213,2.25,1.00
2017.08.16 07:12:07.186,1.14204,1.14213,3.19,1.00
2017.08.16 07:12:07.238,1.14204,1.1421,3.19,1.00
2017.08.16 07:12:07.289,1.14205,1.14215,1.50,1.12
2017.08.16 07:12:07.907,1.14204,1.14213,3.19,1.00
2017.08.16 07:12:07.959,1.14206,1.14215,1.12,1.69
2017.08.16 07:12:08.011,1.14206,1.14211,1.00,1.00
2017.08.16 07:12:08.115,1.14205,1.14215,2.25,1.31
2017.08.16 07:12:08.729,1.14206,1.14217,2.62,1.69
2017.08.16 07:12:08.783,1.14209,1.14219,1.00,1.94
2017.08.16 07:12:08.885,1.14209,1.14219,1.50,1.12
2017.08.16 07:12:09.300,1.14207,1.14218,1.75,1.19
2017.08.16 07:12:09.403,1.14206,1.14217,1.87,1.31
2017.08.16 07:12:10.001,1.14207,1.14216,1.50,1.00
2017.08.16 07:12:10.506,1.14207,1.14217,1.50,1.31
2017.08.16 07:12:11.093,1.14206,1.14217,3.37,1.31
2017.08.16 07:12:12.050,1.14208,1.14219,1.12,1.94
2017.08.16 07:12:12.508,1.14208,1.14218,1.00,2.44
2017.08.16 07:12:13.048,1.14208,1.14218,1.00,1.94
2017.08.16 07:12:13.247,1.14206,1.14216,1.12,1.69
2017.08.16 07:12:13.298,1.14206,1.14216,1.00,1.94
2017.08.16 07:12:13.605,1.142,1.1421,1.50,2.62
2017.08.16 07:12:13.708,1.14205,1.14212,1.00,1.50
2017.08.16 07:12:13.862,1.14208,1.14216,1.00,2.44
2017.08.16 07:12:13.914,1.14208,1.14216,1.00,2.00
2017.08.16 07:12:14.425,1.14207,1.14217,1.00,1.87
2017.08.16 07:12:14.681,1.14209,1.14218,1.00,2.62
2017.08.16 07:12:14.784,1.14211,1.14221,1.00,2.25
2017.08.16 07:12:15.411,1.14209,1.14218,1.12,1.12
2017.08.16 07:12:15.668,1.14206,1.14217,1.75,3.00
2017.08.16 07:12:15.821,1.14206,1.14216,1.12,1.50
2017.08.16 07:12:16.364,1.14203,1.14214,2.47,1.00
2017.08.16 07:12:20.435,1.14203,1.14213,1.97,1.00
2017.08.16 07:12:20.692,1.14199,1.14209,2.62,1.00
2017.08.16 07:12:21.203,1.14197,1.14208,1.75,1.12
2017.08.16 07:12:22.066,1.14196,1.14207,2.81,1.00
2017.08.16 07:12:22.590,1.14196,1.14206,1.87,1.00
2017.08.16 07:12:22.641,1.14197,1.14208,1.75,1.00
2017.08.16 07:12:23.709,1.14197,1.14208,1.50,1.37
2017.08.16 07:12:25.199,1.14197,1.14209,1.75,1.87
2017.08.16 07:12:25.752,1.14196,1.14208,1.87,1.50
2017.08.16 07:12:27.012,1.14196,1.14209,2.44,2.25
2017.08.16 07:12:27.556,1.14195,1.14206,4.12,1.00
2017.08.16 07:12:28.262,1.14195,1.14205,2.44,1.00
2017.08.16 07:12:28.313,1.14195,1.14205,2.44,1.12
2017.08.16 07:12:29.045,1.14193,1.14204,5.81,1.00
2017.08.16 07:12:32.427,1.14192,1.14204,2.81,1.75
2017.08.16 07:12:36.573,1.14192,1.14204,3.37,1.75
2017.08.16 07:12:37.240,1.14192,1.14204,2.62,1.75
2017.08.16 07:12:37.831,1.14192,1.14204,1.87,1.50
2017.08.16 07:12:40.135,1.14193,1.14204,2.25,1.50
2017.08.16 07:12:40.288,1.14194,1.14205,2.06,1.75
2017.08.16 07:12:40.441,1.14193,1.14204,3.00,1.50
2017.08.16 07:12:41.202,1.14189,1.142,5.06,1.00
2017.08.16 07:12:41.356,1.14188,1.14198,2.25,1.00
2017.08.16 07:12:41.458,1.14188,1.14198,2.25,1.12
2017.08.16 07:12:58.129,1.14189,1.14202,2.25,3.37
2017.08.16 07:12:58.282,1.14188,1.142,4.50,1.12
2017.08.16 07:12:58.781,1.14187,1.14198,1.75,1.00
2017.08.16 07:13:02.155,1.14187,1.14199,1.94,1.12
2017.08.16 07:13:20.010,1.14189,1.14202,2.62,1.50
2017.08.16 07:13:25.132,1.14191,1.14202,2.00,1.87
2017.08.16 07:13:33.397,1.14198,1.14204,1.00,1.12
2017.08.16 07:13:33.608,1.14197,1.14209,2.25,1.12
2017.08.16 07:13:33.812,1.14199,1.14212,2.44,4.12
2017.08.16 07:13:33.915,1.14199,1.14212,2.62,1.87
2017.08.16 07:13:36.019,1.14198,1.1421,3.00,1.00
2017.08.16 07:13:36.545,1.14198,1.1421,3.00,1.12
2017.08.16 07:13:37.878,1.14201,1.14213,1.31,3.37
2017.08.16 07:13:38.237,1.14202,1.14214,1.94,1.87
2017.08.16 07:13:43.989,1.14202,1.14213,3.00,1.12
2017.08.16 07:13:44.043,1.14203,1.14215,2.44,3.00
2017.08.16 07:13:44.146,1.14203,1.14214,1.31,1.75
2017.08.16 07:13:50.428,1.14204,1.14214,1.00,1.75
2017.08.16 07:13:50.987,1.14202,1.14214,1.50,1.75
2017.08.16 07:13:58.388,1.14202,1.14214,2.62,1.50
2017.08.16 07:13:58.896,1.14202,1.14214,3.37,1.75
2017.08.16 07:14:00.589,1.14205,1.14215,1.31,2.62
2017.08.16 07:14:00.897,1.14207,1.14217,1.25,3.75
2017.08.16 07:14:04.445,1.14207,1.14217,1.19,2.25
2017.08.16 07:14:13.802,1.14209,1.14217,1.00,2.25
2017.08.16 07:14:13.904,1.14205,1.14217,2.81,2.25
2017.08.16 07:14:14.108,1.14203,1.14214,1.12,1.87
2017.08.16 07:14:14.657,1.14203,1.14213,1.00,1.75
2017.08.16 07:14:15.118,1.14204,1.14213,1.19,2.25
2017.08.16 07:14:15.271,1.14203,1.14213,1.00,1.87
2017.08.16 07:14:15.797,1.14202,1.14213,1.12,2.62
2017.08.16 07:14:16.453,1.14205,1.14213,1.00,1.87
2017.08.16 07:14:16.962,1.14201,1.14213,3.37,2.25
2017.08.16 07:14:21.992,1.14201,1.14212,2.25,1.00
2017.08.16 07:14:22.524,1.14201,1.14213,2.25,1.12
2017.08.16 07:14:22.738,1.142,1.14212,3.37,1.50
2017.08.16 07:14:23.275,1.14201,1.14212,1.31,1.75
2017.08.16 07:14:27.727,1.142,1.14211,1.87,1.12
2017.08.16 07:14:33.553,1.142,1.14211,1.00,3.00
2017.08.16 07:14:36.840,1.14198,1.14207,2.62,1.50
2017.08.16 07:14:37.146,1.14194,1.14204,1.00,1.50
2017.08.16 07:14:37.647,1.14193,1.14204,1.00,1.75
2017.08.16 07:14:38.161,1.14191,1.14201,1.37,1.12
2017.08.16 07:14:38.699,1.14191,1.14201,1.00,1.50
2017.08.16 07:14:43.088,1.14191,1.14202,1.69,1.75
2017.08.16 07:14:43.604,1.14191,1.14202,1.87,2.25
2017.08.16 07:14:43.757,1.14191,1.14203,1.12,2.25
2017.08.16 07:14:44.267,1.14191,1.14203,1.50,2.25
2017.08.16 07:14:45.390,1.14191,1.14203,2.25,1.75
2017.08.16 07:14:47.897,1.14191,1.14203,3.75,1.75
2017.08.16 07:14:48.153,1.14196,1.14207,1.25,1.12
2017.08.16 07:14:48.358,1.14193,1.14206,2.06,2.62
2017.08.16 07:14:48.871,1.14193,1.14205,1.69,1.75
2017.08.16 07:14:49.125,1.14193,1.14205,2.81,1.75
2017.08.16 07:14:49.649,1.14194,1.14206,1.19,4.12
2017.08.16 07:14:50.254,1.14194,1.14206,1.69,2.25
2017.08.16 07:14:50.458,1.14194,1.14206,2.44,2.25
2017.08.16 07:14:51.007,1.14194,1.14206,1.19,3.75
2017.08.16 07:14:52.785,1.14194,1.14206,1.39,3.75
2017.08.16 07:14:52.887,1.14194,1.14206,1.39,3.75
2017.08.16 07:14:53.556,1.14194,1.14206,2.89,3.00
2017.08.16 07:14:53.760,1.14197,1.14208,1.31,2.25
2017.08.16 07:14:54.281,1.14196,1.14208,2.51,2.25
2017.08.16 07:14:54.832,1.14197,1.14208,1.69,1.75
2017.08.16 07:14:55.189,1.14196,1.14208,1.57,1.75
2017.08.16 07:14:55.868,1.14195,1.14207,2.51,3.00
2017.08.16 07:14:56.378,1.14196,1.14207,1.19,2.25
2017.08.16 07:14:58.369,1.14196,1.14207,1.00,2.25
2017.08.16 07:14:58.934,1.14195,1.14207,2.14,2.62
2017.08.16 07:14:59.442,1.14195,1.14207,2.14,2.62
2017.08.16 07:14:59.991,1.14195,1.14207,1.76,2.62
2017.08.16 07:15:00.656,1.14195,1.14207,1.76,2.25
2017.08.16 07:15:00.708,1.14195,1.14207,2.32,2.25
2017.08.16 07:15:01.024,1.14196,1.14207,2.32,1.75
2017.08.16 07:15:01.281,1.14196,1.14207,1.76,1.75
2017.08.16 07:15:02.851,1.14196,1.14206,1.57,1.50
2017.08.16 07:15:03.438,1.14197,1.14208,1.39,2.25
2017.08.16 07:15:04.007,1.14198,1.14208,1.70,1.75
2017.08.16 07:15:05.421,1.14198,1.14209,1.70,3.00
2017.08.16 07:15:06.077,1.14198,1.14209,1.70,2.25
2017.08.16 07:15:07.503,1.14197,1.14208,1.20,1.75
2017.08.16 07:15:08.013,1.14197,1.14208,2.89,1.75
2017.08.16 07:15:08.116,1.14198,1.1421,1.10,2.62
2017.08.16 07:15:10.338,1.14197,1.14208,1.20,1.75
2017.08.16 07:15:10.888,1.14198,1.14208,1.00,1.87
2017.08.16 07:15:11.389,1.14199,1.14208,1.00,1.75
2017.08.16 07:15:11.904,1.14198,1.14208,1.00,1.75
2017.08.16 07:15:15.799,1.14197,1.14208,1.50,1.75
2017.08.16 07:15:17.758,1.14198,1.14208,1.00,1.75
2017.08.16 07:15:18.063,1.14199,1.1421,1.00,1.75
2017.08.16 07:15:19.506,1.14204,1.14208,1.50,1.00
2017.08.16 07:15:19.659,1.14203,1.14213,1.50,1.75
2017.08.16 07:15:19.883,1.14205,1.14214,1.00,1.75
2017.08.16 07:15:20.394,1.14205,1.14215,1.00,1.75
2017.08.16 07:15:20.900,1.14206,1.14216,1.00,1.75
2017.08.16 07:15:21.664,1.14205,1.14216,1.00,3.19
2017.08.16 07:15:22.225,1.14204,1.14214,1.00,1.50
2017.08.16 07:15:23.939,1.14203,1.14214,1.00,3.00
2017.08.16 07:15:25.220,1.14201,1.1421,1.87,1.50
2017.08.16 07:15:25.528,1.142,1.14212,1.50,3.94
2017.08.16 07:15:26.030,1.142,1.14211,1.00,2.00
2017.08.16 07:15:33.098,1.14201,1.14211,1.00,1.75
2017.08.16 07:15:33.642,1.14201,1.14212,1.25,2.00
2017.08.16 07:15:35.153,1.14202,1.14212,1.00,2.00
2017.08.16 07:15:36.470,1.14202,1.14212,1.00,1.75
2017.08.16 07:15:40.156,1.14201,1.14213,2.62,3.00
2017.08.16 07:15:40.665,1.14202,1.14213,1.00,2.44
2017.08.16 07:15:52.508,1.14204,1.14214,1.00,4.50
2017.08.16 07:15:52.713,1.14204,1.14215,1.12,2.62
2017.08.16 07:15:53.281,1.14206,1.14216,1.00,2.25
2017.08.16 07:15:53.793,1.14205,1.14217,1.87,3.37
2017.08.16 07:15:54.531,1.14205,1.14217,3.00,2.62
2017.08.16 07:15:55.153,1.14205,1.14217,2.81,2.62
2017.08.16 07:15:55.670,1.14206,1.14217,1.25,2.25
2017.08.16 07:15:56.130,1.14208,1.14218,1.00,1.12
2017.08.16 07:15:56.656,1.14206,1.14217,2.06,1.50
2017.08.16 07:15:56.964,1.14204,1.14214,1.31,1.37
2017.08.16 07:15:57.477,1.14205,1.14216,1.00,1.75
2017.08.16 07:15:57.990,1.14205,1.14216,1.12,1.75
2017.08.16 07:15:58.532,1.14206,1.14216,1.00,1.75
2017.08.16 07:15:59.074,1.14205,1.14217,2.62,3.56
2017.08.16 07:16:00.204,1.14207,1.14217,1.12,2.62
2017.08.16 07:16:00.511,1.14209,1.14221,1.50,1.87
2017.08.16 07:16:08.039,1.14208,1.14219,2.25,1.37
2017.08.16 07:16:08.550,1.1421,1.14221,1.00,2.62
2017.08.16 07:16:09.092,1.14209,1.14221,1.87,2.62
2017.08.16 07:16:10.156,1.1421,1.14222,1.50,3.37
2017.08.16 07:16:10.621,1.14211,1.14223,1.12,2.81
2017.08.16 07:16:25.150,1.14211,1.14222,1.50,4.69
2017.08.16 07:16:29.831,1.14212,1.14222,1.00,1.87
2017.08.16 07:16:30.087,1.14212,1.14222,1.12,1.37
2017.08.16 07:16:30.718,1.14214,1.14223,1.00,1.12
2017.08.16 07:16:30.871,1.14215,1.14224,1.00,1.37
2017.08.16 07:16:31.380,1.14216,1.14225,1.00,1.12
2017.08.16 07:16:31.980,1.14215,1.14226,1.50,1.87
2017.08.16 07:16:32.808,1.14214,1.14226,1.12,3.94
2017.08.16 07:16:33.431,1.14215,1.14225,1.00,2.00
2017.08.16 07:16:33.942,1.14215,1.14225,1.00,1.75
2017.08.16 07:16:35.555,1.14215,1.14226,1.50,3.19
2017.08.16 07:16:36.497,1.14215,1.14227,1.87,4.69
2017.08.16 07:16:37.687,1.14216,1.14225,1.00,1.50
2017.08.16 07:16:38.220,1.14215,1.14225,1.12,1.50
2017.08.16 07:16:38.789,1.14216,1.14226,1.00,1.75
2017.08.16 07:16:43.211,1.14215,1.14227,2.62,3.00
2017.08.16 07:16:43.718,1.14216,1.14227,1.00,2.25
2017.08.16 07:16:44.226,1.14215,1.14227,2.62,3.94
2017.08.16 07:16:44.763,1.14216,1.14227,1.00,2.44
2017.08.16 07:16:45.273,1.14217,1.14228,1.00,2.25
2017.08.16 07:16:46.753,1.14218,1.14228,1.00,2.25
2017.08.16 07:16:47.292,1.14217,1.14228,1.00,2.25
2017.08.16 07:16:47.916,1.14218,1.14228,1.00,2.25
2017.08.16 07:16:49.666,1.14219,1.14228,1.00,2.25
2017.08.16 07:16:50.171,1.14218,1.14228,1.00,2.25
2017.08.16 07:16:50.829,1.14217,1.14228,1.00,2.25
2017.08.16 07:16:54.219,1.14218,1.14226,1.00,1.50
2017.08.16 07:16:55.953,1.14218,1.14228,1.69,2.25
2017.08.16 07:16:56.106,1.14222,1.14229,1.00,1.75
2017.08.16 07:16:56.252,1.14222,1.1423,1.87,1.50
2017.08.16 07:16:56.355,1.14223,1.14234,1.12,1.87
2017.08.16 07:16:56.457,1.14223,1.14235,3.22,1.75
2017.08.16 07:16:56.766,1.14232,1.14241,1.87,1.75
2017.08.16 07:16:56.971,1.14233,1.14242,1.87,1.50
2017.08.16 07:16:57.175,1.14234,1.14243,2.25,1.12
2017.08.16 07:16:59.102,1.14234,1.14243,1.00,1.12
2017.08.16 07:17:02.704,1.14235,1.14245,1.00,1.75
2017.08.16 07:17:03.239,1.14234,1.14244,1.87,1.12
2017.08.16 07:17:04.003,1.14233,1.14244,1.50,1.50
2017.08.16 07:17:09.979,1.14236,1.14246,1.00,1.75
2017.08.16 07:17:13.136,1.14235,1.14246,1.00,2.25
2017.08.16 07:17:13.794,1.14232,1.14242,2.44,1.00
2017.08.16 07:17:13.999,1.14231,1.14242,1.12,2.62
2017.08.16 07:17:14.203,1.14231,1.14241,1.00,1.75
2017.08.16 07:17:14.510,1.14233,1.14242,1.00,2.62
2017.08.16 07:17:14.625,1.14233,1.14243,1.00,3.94
2017.08.16 07:17:15.699,1.14233,1.14244,1.00,2.44
2017.08.16 07:17:18.214,1.14234,1.14244,1.00,2.44
2017.08.16 07:17:36.439,1.14234,1.14242,1.00,1.00
2017.08.16 07:17:37.961,1.14235,1.14245,1.00,4.31
2017.08.16 07:17:44.391,1.14235,1.14245,1.00,2.44
2017.08.16 07:17:46.470,1.14235,1.14245,1.00,3.75
2017.08.16 07:17:47.693,1.14235,1.14244,1.00,2.00
2017.08.16 07:17:49.686,1.14236,1.14244,1.00,2.25
2017.08.16 07:17:49.737,1.14234,1.14244,1.00,2.44
2017.08.16 07:17:49.891,1.14232,1.14242,1.00,3.00
2017.08.16 07:17:50.984,1.14232,1.14242,1.00,2.25
2017.08.16 07:17:51.548,1.14233,1.14242,1.00,1.75
2017.08.16 07:17:51.856,1.14231,1.14241,1.00,1.87
2017.08.16 07:17:56.824,1.14233,1.14242,1.00,3.94
2017.08.16 07:17:59.811,1.14233,1.14243,1.00,2.44
2017.08.16 07:18:00.355,1.14232,1.14241,1.00,2.00
2017.08.16 07:18:00.662,1.14234,1.14243,1.00,2.25
2017.08.16 07:18:00.995,1.14237,1.14246,1.00,1.75
2017.08.16 07:18:01.527,1.14238,1.14247,1.00,3.19
2017.08.16 07:18:01.829,1.14241,1.1425,1.00,2.62
2017.08.16 07:18:01.931,1.14242,1.14252,1.00,3.56
2017.08.16 07:18:02.441,1.14242,1.14252,1.00,2.25
2017.08.16 07:18:03.318,1.14243,1.14252,1.00,1.75
2017.08.16 07:18:07.852,1.14244,1.14252,1.00,1.75
2017.08.16 07:18:09.175,1.14245,1.14253,1.00,1.75
2017.08.16 07:18:09.282,1.14245,1.14253,1.50,1.75
2017.08.16 07:18:09.334,1.1425,1.1426,1.00,2.25
2017.08.16 07:18:09.437,1.14251,1.14261,1.00,3.94
2017.08.16 07:18:10.207,1.14251,1.14258,1.00,1.50
2017.08.16 07:18:10.893,1.14252,1.14258,1.00,1.87
2017.08.16 07:18:11.407,1.14253,1.14262,1.00,3.94
2017.08.16 07:18:11.560,1.1425,1.14259,1.12,1.00
2017.08.16 07:18:11.711,1.14249,1.14258,1.00,1.37
2017.08.16 07:18:11.762,1.14247,1.14257,1.12,2.44
2017.08.16 07:18:12.274,1.14247,1.14257,1.00,2.44
2017.08.16 07:18:13.580,1.14248,1.14257,1.00,1.75
2017.08.16 07:18:15.331,1.14249,1.14258,1.00,3.00
2017.08.16 07:18:15.433,1.1425,1.14259,1.00,4.50
2017.08.16 07:18:16.009,1.1425,1.1426,1.00,3.94
2017.08.16 07:18:16.523,1.14251,1.1426,1.00,2.25
2017.08.16 07:18:16.625,1.14252,1.14261,1.00,2.25
2017.08.16 07:18:17.148,1.14252,1.14261,1.00,1.75
2017.08.16 07:18:17.711,1.14253,1.14261,1.00,1.75
2017.08.16 07:18:19.422,1.14254,1.14263,1.00,2.62
2017.08.16 07:18:19.524,1.14254,1.14264,1.00,3.56
2017.08.16 07:18:20.208,1.14253,1.14263,1.00,2.44
2017.08.16 07:18:20.362,1.14251,1.14261,1.00,2.00
2017.08.16 07:18:20.797,1.1425,1.14257,1.12,1.00
2017.08.16 07:18:21.104,1.14253,1.14262,1.00,1.75
2017.08.16 07:18:21.626,1.14252,1.14262,1.00,1.75
2017.08.16 07:18:21.728,1.14253,1.14263,1.12,1.50
2017.08.16 07:18:21.830,1.14253,1.14263,1.00,1.75
2017.08.16 07:18:22.085,1.14251,1.14262,1.12,2.25
2017.08.16 07:18:29.628,1.14252,1.14262,1.00,1.12
2017.08.16 07:18:30.730,1.14253,1.14263,1.00,1.87
2017.08.16 07:18:30.885,1.14255,1.14264,1.00,4.12
2017.08.16 07:18:31.039,1.14255,1.14266,1.00,4.87
2017.08.16 07:18:32.165,1.14256,1.14266,1.00,2.44
2017.08.16 07:18:32.676,1.14256,1.14267,1.00,2.81
2017.08.16 07:18:33.196,1.14257,1.14267,1.00,2.44
2017.08.16 07:18:33.349,1.14255,1.14266,1.12,2.25
2017.08.16 07:18:33.706,1.14253,1.14264,1.50,3.75
2017.08.16 07:18:33.962,1.14252,1.14263,1.12,1.12
2017.08.16 07:18:36.452,1.14253,1.14264,1.00,1.31
2017.08.16 07:18:36.963,1.14251,1.14263,1.67,1.75
2017.08.16 07:18:37.515,1.14252,1.14264,1.50,1.50
2017.08.16 07:18:37.566,1.14252,1.14264,2.25,1.50
2017.08.16 07:18:39.789,1.14254,1.14266,5.41,1.37
2017.08.16 07:18:39.892,1.14254,1.14265,1.85,1.00
2017.08.16 07:18:40.432,1.14253,1.14265,8.11,1.12
2017.08.16 07:18:41.960,1.14257,1.14267,1.21,1.75
2017.08.16 07:18:42.491,1.14254,1.14265,1.75,1.12
2017.08.16 07:18:43.003,1.14253,1.14264,3.37,1.00
2017.08.16 07:18:43.784,1.1426,1.14269,1.50,4.69
2017.08.16 07:18:43.990,1.14261,1.14272,2.62,1.50
2017.08.16 07:18:44.094,1.14265,1.14274,1.00,1.87
2017.08.16 07:18:44.196,1.14264,1.14273,1.37,1.12
2017.08.16 07:18:44.697,1.14262,1.14272,1.75,1.00
2017.08.16 07:18:45.273,1.14261,1.14271,3.75,1.00
2017.08.16 07:18:45.405,1.14261,1.14271,1.75,1.00
2017.08.16 07:18:45.609,1.1426,1.14269,1.75,1.00
2017.08.16 07:18:47.562,1.1426,1.1427,1.75,1.00
2017.08.16 07:18:47.924,1.14261,1.14273,1.85,1.50
2017.08.16 07:18:48.181,1.14262,1.14272,2.32,1.00
2017.08.16 07:18:48.696,1.14262,1.14272,1.12,1.00
2017.08.16 07:18:49.446,1.14261,1.14271,2.41,1.00
2017.08.16 07:18:49.548,1.14261,1.14273,3.35,1.12
2017.08.16 07:18:56.676,1.14266,1.14277,1.68,1.75
2017.08.16 07:18:56.831,1.14267,1.14279,2.80,1.50
2017.08.16 07:18:56.933,1.14267,1.14278,2.80,1.00
2017.08.16 07:18:57.318,1.14265,1.14276,1.87,1.12
2017.08.16 07:18:58.184,1.14264,1.14275,2.62,1.00
2017.08.16 07:18:58.641,1.14263,1.14274,1.87,1.12
2017.08.16 07:18:59.993,1.1426,1.14271,2.70,1.00
2017.08.16 07:19:00.147,1.1426,1.14272,2.62,1.50
2017.08.16 07:19:01.423,1.14259,1.14271,3.64,1.50
2017.08.16 07:19:01.627,1.14258,1.1427,2.81,1.75
2017.08.16 07:19:03.459,1.14255,1.14267,2.70,3.94
2017.08.16 07:19:03.919,1.14255,1.14266,1.00,2.25
2017.08.16 07:19:04.882,1.14257,1.14266,1.00,3.00
2017.08.16 07:19:07.200,1.14256,1.14266,1.00,1.75
2017.08.16 07:19:08.031,1.14255,1.14266,1.12,2.25
2017.08.16 07:19:09.431,1.14258,1.14269,1.00,3.37
2017.08.16 07:19:09.534,1.14258,1.1427,2.25,1.75
2017.08.16 07:19:09.638,1.14261,1.14272,1.50,1.75
2017.08.16 07:19:09.740,1.14263,1.14274,1.12,4.87
2017.08.16 07:19:09.913,1.14264,1.14275,1.50,2.25
2017.08.16 07:19:09.965,1.14265,1.14275,1.87,1.87
2017.08.16 07:19:10.172,1.14264,1.14275,1.00,3.00
2017.08.16 07:19:16.769,1.14263,1.14274,1.00,1.75
2017.08.16 07:19:17.289,1.14263,1.14275,2.25,2.25
2017.08.16 07:19:20.189,1.14263,1.14275,1.50,2.25
2017.08.16 07:19:20.699,1.14263,1.14275,1.50,2.25
2017.08.16 07:19:22.546,1.14263,1.14274,1.25,1.75
2017.08.16 07:19:23.088,1.14262,1.14273,1.00,1.75
2017.08.16 07:19:26.232,1.14264,1.14275,1.25,1.75
2017.08.16 07:19:26.830,1.14263,1.14275,1.69,1.75
2017.08.16 07:19:27.342,1.14264,1.14275,1.31,1.75
2017.08.16 07:19:27.896,1.14264,1.14276,1.69,2.25
2017.08.16 07:19:28.261,1.14266,1.14275,1.12,1.00
2017.08.16 07:19:28.772,1.14267,1.14279,1.25,2.25
2017.08.16 07:19:29.289,1.14266,1.14279,4.12,2.25
2017.08.16 07:19:29.799,1.14266,1.14278,2.25,1.75
2017.08.16 07:19:33.218,1.14266,1.14278,2.44,1.75
2017.08.16 07:19:33.940,1.14267,1.14279,1.69,1.75
2017.08.16 07:19:34.455,1.14267,1.14279,2.06,3.00
2017.08.16 07:19:36.889,1.14269,1.1428,1.37,2.25
2017.08.16 07:19:37.093,1.14271,1.14282,1.87,1.00
2017.08.16 07:19:42.214,1.14273,1.14283,1.19,1.50
2017.08.16 07:19:43.037,1.14274,1.14283,2.81,1.00
2017.08.16 07:19:43.140,1.14274,1.14284,1.00,1.50
2017.08.16 07:19:43.945,1.14274,1.14286,4.31,1.75
2017.08.16 07:19:44.099,1.14275,1.14285,1.56,1.00
2017.08.16 07:19:49.210,1.14274,1.14284,1.12,1.00
2017.08.16 07:19:49.721,1.14275,1.14286,1.37,1.50
2017.08.16 07:19:53.015,1.14276,1.14287,1.19,1.75
2017.08.16 07:19:53.589,1.14276,1.14287,1.25,1.75
2017.08.16 07:19:56.420,1.14275,1.14287,2.44,2.25
2017.08.16 07:19:59.286,1.14275,1.14285,1.25,1.50
2017.08.16 07:19:59.956,1.14274,1.14284,1.31,1.50
2017.08.16 07:20:01.124,1.14273,1.14283,1.12,1.37
2017.08.16 07:20:02.850,1.14271,1.14282,1.00,1.75
2017.08.16 07:20:03.365,1.14271,1.14282,1.37,1.50
2017.08.16 07:20:03.980,1.14271,1.1428,1.37,1.00
2017.08.16 07:20:04.031,1.14269,1.14279,1.50,1.12
2017.08.16 07:20:04.235,1.14268,1.14278,1.25,1.50
2017.08.16 07:20:04.549,1.14263,1.14274,2.25,1.50
2017.08.16 07:20:05.060,1.14265,1.14276,1.31,2.25
2017.08.16 07:20:05.574,1.14264,1.14277,2.25,2.25
2017.08.16 07:20:10.232,1.14264,1.14277,1.87,2.25
2017.08.16 07:20:12.536,1.14264,1.14276,1.00,2.25
2017.08.16 07:20:14.024,1.14263,1.14276,4.87,1.75
2017.08.16 07:20:14.178,1.14263,1.14276,4.87,1.50
2017.08.16 07:20:14.736,1.14263,1.14276,4.12,1.75
2017.08.16 07:20:15.245,1.14262,1.14274,4.12,1.50
2017.08.16 07:20:16.142,1.14264,1.14275,1.37,1.50
2017.08.16 07:20:16.416,1.14261,1.1427,2.62,1.00
2017.08.16 07:20:16.570,1.14259,1.1427,1.31,1.00
2017.08.16 07:20:16.672,1.14259,1.1427,1.62,1.50
2017.08.16 07:20:17.300,1.14259,1.1427,1.62,1.00
2017.08.16 07:20:26.660,1.14259,1.14269,1.94,1.00
2017.08.16 07:20:27.170,1.14259,1.14269,1.62,1.12
2017.08.16 07:20:31.861,1.14258,1.14268,1.31,1.00
2017.08.16 07:20:31.913,1.14259,1.14266,1.00,1.00
2017.08.16 07:20:32.066,1.14256,1.14265,1.00,1.12
2017.08.16 07:20:32.386,1.14254,1.14264,1.00,1.37
2017.08.16 07:20:33.583,1.14253,1.14263,1.00,1.37
2017.08.16 07:20:39.973,1.14253,1.14266,1.69,2.25
2017.08.16 07:20:40.127,1.14254,1.14265,1.62,1.50
2017.08.16 07:20:44.416,1.14252,1.14264,1.81,1.75
2017.08.16 07:20:46.231,1.14252,1.14264,2.44,1.50
2017.08.16 07:20:51.552,1.14252,1.14264,1.62,1.75
2017.08.16 07:21:04.661,1.14252,1.14263,1.50,1.75
2017.08.16 07:21:09.382,1.14253,1.14266,3.37,4.12
2017.08.16 07:21:09.586,1.14254,1.14266,1.44,1.75
2017.08.16 07:21:10.087,1.14254,1.14266,2.85,1.75
2017.08.16 07:21:10.621,1.14255,1.14267,1.37,1.75
2017.08.16 07:21:13.362,1.14256,1.14268,2.85,2.25
2017.08.16 07:21:13.566,1.1426,1.14271,1.00,1.75
2017.08.16 07:21:14.073,1.14261,1.14272,1.31,1.75
2017.08.16 07:21:14.278,1.14261,1.14273,1.62,1.75
2017.08.16 07:21:14.869,1.14263,1.14276,1.31,4.31
2017.08.16 07:21:14.992,1.14264,1.14276,1.62,2.00
2017.08.16 07:21:15.508,1.14264,1.14277,2.06,1.75
2017.08.16 07:21:15.766,1.14264,1.14276,1.12,3.56
2017.08.16 07:21:16.298,1.14265,1.14276,1.00,2.81
2017.08.16 07:21:18.787,1.14265,1.14275,1.00,1.75
2017.08.16 07:21:19.728,1.14261,1.14273,2.62,1.50
2017.08.16 07:21:25.901,1.1426,1.14272,2.00,1.50
2017.08.16 07:21:28.080,1.14258,1.1427,1.75,2.25
2017.08.16 07:21:28.386,1.14258,1.14269,1.00,1.87
2017.08.16 07:21:29.530,1.14257,1.14269,1.12,1.87
2017.08.16 07:21:31.511,1.14258,1.14269,1.00,1.87
2017.08.16 07:21:32.021,1.14259,1.1427,1.50,1.75
2017.08.16 07:21:32.556,1.14259,1.1427,1.12,1.75
2017.08.16 07:21:33.117,1.14256,1.14269,3.37,2.25
2017.08.16 07:21:33.627,1.14256,1.14269,3.37,2.81
2017.08.16 07:21:37.375,1.14258,1.14269,1.00,1.75
2017.08.16 07:21:37.944,1.14257,1.14269,1.12,1.75
2017.08.16 07:21:40.549,1.14258,1.14269,1.00,2.06
2017.08.16 07:21:40.702,1.14255,1.14265,1.12,1.37
2017.08.16 07:21:40.831,1.14251,1.14264,2.25,1.75
2017.08.16 07:21:41.137,1.14251,1.1426,1.00,1.75
2017.08.16 07:21:45.408,1.14252,1.14262,1.00,3.75
2017.08.16 07:21:45.511,1.14252,1.14262,1.00,1.75
2017.08.16 07:21:46.371,1.14253,1.14264,1.00,3.37
2017.08.16 07:21:46.423,1.14254,1.14264,1.00,1.75
2017.08.16 07:21:46.936,1.14253,1.14264,1.00,1.75
2017.08.16 07:21:48.428,1.14254,1.14264,1.00,1.75
2017.08.16 07:21:48.845,1.14252,1.14264,3.19,1.75
2017.08.16 07:21:49.354,1.14253,1.14264,1.00,1.75
2017.08.16 07:21:50.586,1.14252,1.14264,1.69,1.75
2017.08.16 07:21:50.740,1.14254,1.14265,1.00,1.75
2017.08.16 07:21:50.842,1.14254,1.14265,1.37,1.50
2017.08.16 07:21:50.945,1.14253,1.14264,2.44,1.75
2017.08.16 07:21:51.497,1.14254,1.14264,1.12,1.75
2017.08.16 07:21:52.639,1.14253,1.14264,3.19,1.75
2017.08.16 07:21:53.151,1.14253,1.14264,1.19,1.75
2017.08.16 07:21:53.681,1.14252,1.14264,1.37,1.75
2017.08.16 07:21:54.195,1.14251,1.14262,2.81,1.50
2017.08.16 07:21:55.731,1.14251,1.14261,1.00,1.50
2017.08.16 07:21:56.455,1.14248,1.1426,2.44,1.50
2017.08.16 07:22:01.061,1.14248,1.1426,1.37,2.62
2017.08.16 07:22:01.367,1.14247,1.14257,1.00,1.50
2017.08.16 07:22:05.991,1.14249,1.1426,1.00,1.75
2017.08.16 07:22:06.144,1.14249,1.14261,1.87,1.12
2017.08.16 07:22:11.058,1.14251,1.14262,1.00,2.25
2017.08.16 07:22:11.162,1.14252,1.14263,1.31,1.12
2017.08.16 07:22:11.692,1.14253,1.14263,1.31,1.50
2017.08.16 07:22:13.563,1.1425,1.14261,2.81,1.00
2017.08.16 07:22:14.073,1.14252,1.14264,1.87,1.75
2017.08.16 07:22:18.715,1.14253,1.14263,1.37,1.50
2017.08.16 07:22:20.737,1.14253,1.14263,1.37,1.50
2017.08.16 07:22:21.401,1.14253,1.14264,2.00,1.50
2017.08.16 07:22:22.128,1.14254,1.14264,1.12,1.50
2017.08.16 07:22:22.615,1.14256,1.14268,1.87,5.25
2017.08.16 07:22:22.871,1.1426,1.14269,1.00,1.50
2017.08.16 07:22:23.387,1.1426,1.14271,1.12,1.75
2017.08.16 07:22:23.906,1.1426,1.14272,2.62,2.25
2017.08.16 07:22:24.458,1.14261,1.14272,2.00,2.25
2017.08.16 07:22:25.517,1.14262,1.14272,1.37,1.50
2017.08.16 07:22:28.842,1.14261,1.14273,2.25,1.12
2017.08.16 07:22:28.996,1.1426,1.14272,1.50,2.62
2017.08.16 07:22:29.544,1.1426,1.14271,1.12,1.87
2017.08.16 07:22:30.055,1.14261,1.14271,1.00,1.75
2017.08.16 07:22:30.618,1.1426,1.1427,1.12,1.75
2017.08.16 07:22:32.220,1.14263,1.14274,1.00,4.50
2017.08.16 07:22:32.424,1.14264,1.14275,1.12,1.87
2017.08.16 07:22:33.426,1.14264,1.14276,2.06,1.75
2017.08.16 07:22:37.659,1.14264,1.14275,1.37,1.75
2017.08.16 07:22:38.344,1.14263,1.14273,1.37,1.12
2017.08.16 07:22:38.647,1.14261,1.14271,1.75,1.12
2017.08.16 07:22:39.518,1.1426,1.14271,1.31,1.12
2017.08.16 07:22:41.548,1.14261,1.14271,1.75,1.12
2017.08.16 07:22:44.841,1.14262,1.14273,1.31,1.87
2017.08.16 07:22:45.553,1.14263,1.14272,1.37,1.50
2017.08.16 07:22:46.118,1.14263,1.14272,1.00,1.12
2017.08.16 07:22:47.235,1.14263,1.14274,1.37,1.87
2017.08.16 07:22:47.542,1.14264,1.14272,1.37,1.00
2017.08.16 07:22:47.950,1.14264,1.14273,1.00,1.12
2017.08.16 07:22:48.651,1.14265,1.14275,1.62,1.50
2017.08.16 07:22:50.142,1.14266,1.14276,1.62,1.50
2017.08.16 07:22:50.449,1.1427,1.14282,2.44,1.75
2017.08.16 07:22:50.552,1.14271,1.14282,1.75,1.50
2017.08.16 07:22:51.053,1.14273,1.14282,1.00,1.12
2017.08.16 07:22:51.361,1.14273,1.14283,3.19,1.50
2017.08.16 07:22:51.885,1.14274,1.14284,1.37,1.50
2017.08.16 07:22:52.396,1.14273,1.14283,2.00,1.12
2017.08.16 07:22:52.729,1.14271,1.1428,1.37,1.00
2017.08.16 07:22:53.043,1.14271,1.14283,2.44,1.75
2017.08.16 07:22:53.626,1.14271,1.14281,1.12,1.50
2017.08.16 07:22:53.934,1.14269,1.14278,1.12,1.12
2017.08.16 07:22:54.445,1.14268,1.14278,1.12,1.50
2017.08.16 07:22:55.447,1.14267,1.14278,2.81,1.50
2017.08.16 07:22:56.457,1.14268,1.14279,1.37,1.75
2017.08.16 07:22:56.970,1.14269,1.14281,2.00,2.25
2017.08.16 07:23:00.057,1.14267,1.14279,3.00,2.25
2017.08.16 07:23:00.366,1.14265,1.14276,2.85,1.75
2017.08.16 07:23:00.824,1.14265,1.14276,2.85,2.25
2017.08.16 07:23:02.095,1.14263,1.14274,2.00,1.50
2017.08.16 07:23:02.299,1.14262,1.14271,1.12,1.00
2017.08.16 07:23:02.351,1.1426,1.14271,2.62,1.50
2017.08.16 07:23:02.925,1.1426,1.14272,3.41,2.25
2017.08.16 07:23:05.571,1.1426,1.1427,1.54,1.75
2017.08.16 07:23:07.494,1.14261,1.14268,1.75,1.00
2017.08.16 07:23:07.752,1.14258,1.14269,2.00,1.75
2017.08.16 07:23:08.160,1.14256,1.14267,2.06,1.75
2017.08.16 07:23:08.518,1.14256,1.14265,1.00,1.87
2017.08.16 07:23:08.570,1.14253,1.14264,4.87,1.75
2017.08.16 07:23:09.121,1.14253,1.14264,4.50,1.75
2017.08.16 07:23:09.632,1.14253,1.14263,2.44,2.25
2017.08.16 07:23:10.174,1.14251,1.14263,4.35,2.25
2017.08.16 07:23:11.135,1.14252,1.14263,1.37,2.25
2017.08.16 07:23:12.206,1.14252,1.14263,1.37,2.25
2017.08.16 07:23:12.922,1.14251,1.14259,2.06,1.00
2017.08.16 07:23:13.259,1.14249,1.14258,3.19,1.75
2017.08.16 07:23:13.565,1.14253,1.14261,4.12,1.75
2017.08.16 07:23:14.086,1.14253,1.1426,1.00,1.75
2017.08.16 07:23:14.290,1.14251,1.1426,1.12,1.75
2017.08.16 07:23:15.139,1.1425,1.14258,1.87,1.50
2017.08.16 07:23:15.292,1.14251,1.1426,1.00,3.37
2017.08.16 07:23:15.486,1.14251,1.1426,1.00,1.75
2017.08.16 07:23:16.016,1.1425,1.1426,1.00,1.75
2017.08.16 07:23:16.534,1.14249,1.14259,2.44,1.75
2017.08.16 07:23:17.038,1.14249,1.14259,1.00,1.75
2017.08.16 07:23:18.412,1.14252,1.14259,1.00,1.75
2017.08.16 07:23:18.669,1.14252,1.14263,1.94,2.62
2017.08.16 07:23:18.771,1.14253,1.14264,3.37,2.25
2017.08.16 07:23:18.941,1.14255,1.14265,1.87,4.12
2017.08.16 07:23:19.199,1.14254,1.14265,1.00,2.25
2017.08.16 07:23:21.262,1.14257,1.14264,1.00,1.75
2017.08.16 07:23:21.314,1.14254,1.14266,1.12,1.75
2017.08.16 07:23:21.877,1.14253,1.14264,1.87,1.75
2017.08.16 07:23:22.402,1.1425,1.14261,1.87,1.00
2017.08.16 07:23:22.506,1.1425,1.1426,1.12,1.50
2017.08.16 07:23:23.016,1.1425,1.1426,1.00,1.75
2017.08.16 07:23:23.563,1.14249,1.14258,1.50,1.00
2017.08.16 07:23:24.082,1.14248,1.14259,1.50,1.75
2017.08.16 07:23:24.389,1.14251,1.1426,1.50,1.75
2017.08.16 07:23:24.617,1.14252,1.14263,2.06,2.25
2017.08.16 07:23:24.873,1.14255,1.14264,1.50,2.62
2017.08.16 07:23:25.027,1.14255,1.14266,1.69,1.75
2017.08.16 07:23:25.183,1.14256,1.14267,1.31,1.75
2017.08.16 07:23:25.491,1.14259,1.1427,1.12,2.25
2017.08.16 07:23:26.006,1.14257,1.14268,4.12,1.50
2017.08.16 07:23:30.566,1.14257,1.14265,2.25,1.00
2017.08.16 07:23:30.790,1.14256,1.14266,1.25,1.50
2017.08.16 07:23:30.944,1.14258,1.14268,1.12,1.75
2017.08.16 07:23:31.200,1.14259,1.1427,2.62,1.75
2017.08.16 07:23:31.773,1.14259,1.14271,4.87,2.25
2017.08.16 07:23:32.131,1.14262,1.14273,1.69,1.75
2017.08.16 07:23:32.336,1.14263,1.14274,1.62,1.75
2017.08.16 07:23:32.869,1.14263,1.14275,2.25,2.25
2017.08.16 07:23:33.283,1.14263,1.14274,1.50,2.25
2017.08.16 07:23:33.698,1.14263,1.14274,2.25,2.25
2017.08.16 07:23:34.237,1.14263,1.14274,2.44,2.25
2017.08.16 07:23:34.756,1.14263,1.14274,2.62,1.75
2017.08.16 07:23:36.711,1.14264,1.14274,1.12,1.75
2017.08.16 07:23:37.802,1.14263,1.14274,2.44,2.25
2017.08.16 07:23:38.360,1.14263,1.14274,2.44,2.25
2017.08.16 07:23:38.734,1.14266,1.14276,1.00,3.37
2017.08.16 07:23:38.940,1.14266,1.14277,1.87,1.75
2017.08.16 07:23:39.043,1.14267,1.14277,1.25,1.50
2017.08.16 07:23:39.401,1.14265,1.14276,3.37,1.75
2017.08.16 07:23:39.947,1.14265,1.14276,3.37,1.75
2017.08.16 07:23:40.406,1.14261,1.1427,3.00,1.00
2017.08.16 07:23:40.509,1.1426,1.14271,1.69,1.50
2017.08.16 07:23:41.036,1.1426,1.1427,1.30,1.50
2017.08.16 07:23:43.258,1.14257,1.14268,1.12,1.00
2017.08.16 07:23:43.362,1.14257,1.14268,1.37,1.50
2017.08.16 07:23:43.872,1.14259,1.14269,1.31,1.75
2017.08.16 07:23:44.421,1.14259,1.14271,3.19,1.75
2017.08.16 07:23:46.281,1.14256,1.14267,1.75,1.00
2017.08.16 07:23:46.332,1.14255,1.14266,1.12,2.25
2017.08.16 07:23:46.384,1.14254,1.14264,3.37,1.00
2017.08.16 07:23:46.537,1.14252,1.14263,1.12,1.12
2017.08.16 07:23:46.639,1.14252,1.14263,1.00,1.75
2017.08.16 07:23:47.141,1.14251,1.14262,2.06,1.75
2017.08.16 07:23:49.023,1.1425,1.14261,1.37,1.50
2017.08.16 07:23:52.143,1.14248,1.14259,4.50,1.00
2017.08.16 07:23:52.348,1.14247,1.14258,1.31,1.12
2017.08.16 07:23:52.458,1.14247,1.14258,1.25,1.75
2017.08.16 07:23:52.960,1.14248,1.14258,1.31,1.75
2017.08.16 07:23:55.118,1.14247,1.14258,2.06,1.75
2017.08.16 07:23:55.630,1.14247,1.14258,2.62,1.75
2017.08.16 07:23:56.578,1.14248,1.14258,1.25,1.50
2017.08.16 07:23:57.137,1.14248,1.14258,1.19,1.50
2017.08.16 07:23:58.327,1.14248,1.14259,1.00,1.75
2017.08.16 07:23:59.179,1.14249,1.1426,1.25,2.25
2017.08.16 07:23:59.489,1.14253,1.14263,1.25,1.50
2017.08.16 07:24:00.004,1.14252,1.14262,1.00,1.50
2017.08.16 07:24:02.211,1.14251,1.1426,1.37,1.00
2017.08.16 07:24:02.496,1.14248,1.1426,1.87,1.50
2017.08.16 07:24:02.905,1.14247,1.14259,1.87,1.75
2017.08.16 07:24:14.610,1.14247,1.14259,1.00,1.75
2017.08.16 07:24:15.119,1.14246,1.14257,1.00,1.75
2017.08.16 07:24:15.780,1.14247,1.14258,1.00,1.75
2017.08.16 07:24:16.725,1.14248,1.14258,1.00,1.75
2017.08.16 07:24:21.837,1.14249,1.14258,1.00,1.75
2017.08.16 07:24:22.348,1.14248,1.14258,1.00,1.75
2017.08.16 07:24:23.666,1.14246,1.14258,1.50,1.75
2017.08.16 07:24:24.824,1.14247,1.14258,1.00,1.75
2017.08.16 07:24:25.500,1.14248,1.14258,1.05,1.75
2017.08.16 07:24:26.036,1.14247,1.14258,1.25,1.75
2017.08.16 07:24:26.552,1.14248,1.1426,1.31,3.00
2017.08.16 07:24:32.821,1.14247,1.14258,1.12,3.75
2017.08.16 07:24:33.128,1.14245,1.14256,1.00,1.75
2017.08.16 07:24:34.787,1.14245,1.14256,1.69,1.75
2017.08.16 07:24:35.882,1.14247,1.14257,1.37,1.75
2017.08.16 07:24:36.440,1.14247,1.14257,1.37,1.75
2017.08.16 07:24:36.543,1.14245,1.14256,1.87,2.25
2017.08.16 07:24:37.515,1.14246,1.14257,1.37,2.25
2017.08.16 07:24:38.117,1.14246,1.14257,1.12,3.00
2017.08.16 07:24:38.848,1.14246,1.14257,1.37,3.00
2017.08.16 07:24:39.446,1.14246,1.14257,1.12,3.00
2017.08.16 07:24:40.408,1.14246,1.14257,1.37,3.00
2017.08.16 07:24:40.918,1.14246,1.14257,1.12,2.25
2017.08.16 07:24:41.767,1.14246,1.14257,1.50,2.25
2017.08.16 07:24:47.387,1.14247,1.14257,1.00,2.25
2017.08.16 07:24:47.906,1.14246,1.14256,1.00,2.25
2017.08.16 07:24:49.893,1.14247,1.14256,1.00,1.75
2017.08.16 07:24:50.363,1.14249,1.14258,1.00,1.75
2017.08.16 07:24:50.466,1.14249,1.14256,1.00,1.00
2017.08.16 07:24:51.015,1.14249,1.14258,1.00,1.75
2017.08.16 07:24:53.546,1.14247,1.14258,1.12,2.25
2017.08.16 07:24:57.278,1.14245,1.14257,1.62,1.75
2017.08.16 07:24:57.790,1.14246,1.14257,1.00,3.00
2017.08.16 07:24:58.806,1.14247,1.14257,1.00,1.75
2017.08.16 07:24:59.428,1.14245,1.14256,2.44,1.50
2017.08.16 07:25:02.043,1.14244,1.14254,1.12,1.00
2017.08.16 07:25:02.582,1.14244,1.14254,1.19,1.50
2017.08.16 07:25:05.412,1.14244,1.14254,1.25,1.50
2017.08.16 07:25:05.966,1.14243,1.14254,2.44,1.75
2017.08.16 07:25:07.429,1.14243,1.14254,1.00,1.75
2017.08.16 07:25:07.481,1.14242,1.14253,3.19,1.50
2017.08.16 07:25:07.982,1.14242,1.14252,1.69,1.75
2017.08.16 07:25:09.564,1.14241,1.14252,2.25,1.75
2017.08.16 07:25:10.909,1.1424,1.1425,1.00,1.37
2017.08.16 07:25:11.423,1.14238,1.14248,2.44,1.12
2017.08.16 07:25:16.111,1.14235,1.14248,4.95,1.87
2017.08.16 07:25:16.213,1.14236,1.14248,1.00,2.25
2017.08.16 07:25:16.723,1.14235,1.14247,3.37,1.75
2017.08.16 07:25:17.943,1.14238,1.14247,1.00,3.37
2017.08.16 07:25:17.995,1.14235,1.14246,1.69,1.75
2017.08.16 07:25:18.511,1.14236,1.14246,1.25,1.75
2017.08.16 07:25:19.577,1.14235,1.14246,2.25,1.75
2017.08.16 07:25:20.716,1.14234,1.14246,1.50,2.25
2017.08.16 07:25:20.767,1.14236,1.14246,1.00,1.75
2017.08.16 07:25:21.321,1.14237,1.14246,1.00,1.75
2017.08.16 07:25:22.731,1.14236,1.14246,1.00,1.87
2017.08.16 07:25:23.240,1.14237,1.14246,1.00,1.75
2017.08.16 07:25:29.280,1.14236,1.14246,1.00,2.00
2017.08.16 07:25:29.791,1.14235,1.14245,1.00,1.87
2017.08.16 07:25:30.300,1.14234,1.14244,1.00,1.75
2017.08.16 07:25:30.915,1.14235,1.14244,1.00,1.75
2017.08.16 07:25:32.045,1.14234,1.14244,1.00,1.75
2017.08.16 07:25:33.277,1.14236,1.14245,1.00,4.12
2017.08.16 07:25:33.433,1.14234,1.14245,1.00,2.70
2017.08.16 07:25:33.586,1.14232,1.14243,1.00,2.06
2017.08.16 07:25:35.570,1.14233,1.14243,1.00,1.75
2017.08.16 07:25:36.420,1.14233,1.14241,1.00,1.00
2017.08.16 07:25:39.248,1.14234,1.14244,1.00,2.25
2017.08.16 07:25:42.211,1.14235,1.14244,1.00,1.87
2017.08.16 07:25:43.553,1.14236,1.14245,1.00,1.12
2017.08.16 07:25:44.081,1.14236,1.14245,1.00,1.12
2017.08.16 07:25:47.718,1.14235,1.14245,1.00,1.12
2017.08.16 07:25:47.872,1.14237,1.14244,1.00,1.00
2017.08.16 07:25:50.233,1.14238,1.14249,1.00,4.12
2017.08.16 07:25:50.285,1.14239,1.14249,1.00,2.25
2017.08.16 07:25:50.459,1.14242,1.14251,1.00,3.00
2017.08.16 07:25:50.510,1.14242,1.14252,1.00,1.12
2017.08.16 07:25:54.104,1.14243,1.14253,1.00,1.87
2017.08.16 07:25:54.207,1.14245,1.14254,1.00,1.75
2017.08.16 07:25:54.463,1.14249,1.14256,1.00,1.00
2017.08.16 07:25:54.984,1.14249,1.14258,1.00,1.75
2017.08.16 07:25:55.086,1.14247,1.14257,1.00,1.75
2017.08.16 07:25:56.328,1.14246,1.14256,1.00,1.87
2017.08.16 07:25:56.840,1.14246,1.14256,1.00,1.75
2017.08.16 07:25:57.378,1.14246,1.14257,1.00,1.75
2017.08.16 07:25:57.890,1.14247,1.14257,1.00,1.87
2017.08.16 07:25:58.147,1.1425,1.1426,1.00,3.82
2017.08.16 07:25:58.199,1.1425,1.1426,1.00,1.20
2017.08.16 07:25:58.309,1.14251,1.14261,1.12,3.00
2017.08.16 07:25:58.362,1.14254,1.14263,1.00,1.75
2017.08.16 07:25:58.515,1.14256,1.14266,1.00,1.75
2017.08.16 07:26:01.569,1.14255,1.14266,1.00,1.87
2017.08.16 07:26:02.078,1.14256,1.14266,1.00,2.25
2017.08.16 07:26:04.778,1.14255,1.14265,1.00,1.12
2017.08.16 07:26:07.703,1.14255,1.14265,1.00,1.75
2017.08.16 07:26:08.214,1.14255,1.14267,1.12,2.25
2017.08.16 07:26:12.949,1.14256,1.14267,1.00,2.44
2017.08.16 07:26:13.187,1.14255,1.14265,1.00,1.87
2017.08.16 07:26:13.293,1.14253,1.14264,1.00,2.06
2017.08.16 07:26:13.396,1.14249,1.1426,1.37,1.81
2017.08.16 07:26:13.536,1.14248,1.1426,1.12,2.62
2017.08.16 07:26:14.048,1.14249,1.1426,1.00,3.82
2017.08.16 07:26:15.898,1.1425,1.14261,1.12,1.85
2017.08.16 07:26:16.150,1.14252,1.14261,1.00,1.37
2017.08.16 07:26:16.458,1.14254,1.14263,1.00,1.87
2017.08.16 07:26:16.970,1.14253,1.14262,1.00,1.12
2017.08.16 07:26:20.076,1.14254,1.14264,1.00,1.75
2017.08.16 07:26:20.230,1.14254,1.14262,1.00,1.00
2017.08.16 07:26:23.542,1.14255,1.14263,1.00,1.00
2017.08.16 07:26:25.448,1.14255,1.14264,1.12,1.00
2017.08.16 07:26:28.378,1.14256,1.14266,1.00,1.12
2017.08.16 07:26:28.481,1.14259,1.14268,1.00,3.37
2017.08.16 07:26:28.584,1.14259,1.1427,1.00,1.87
2017.08.16 07:26:28.789,1.14257,1.14268,1.12,1.75
2017.08.16 07:26:28.943,1.14255,1.14264,1.50,1.12
2017.08.16 07:26:29.256,1.14254,1.14264,1.00,1.87
2017.08.16 07:26:29.563,1.14252,1.14262,1.12,1.37
2017.08.16 07:26:30.179,1.14253,1.14264,1.00,2.62
2017.08.16 07:26:30.692,1.14252,1.14263,1.00,1.87
2017.08.16 07:26:32.171,1.14253,1.14263,1.00,1.75
2017.08.16 07:26:32.273,1.14254,1.14265,1.00,3.19
2017.08.16 07:26:32.478,1.14256,1.14266,1.00,1.75
2017.08.16 07:26:32.835,1.14258,1.14268,1.00,1.75
2017.08.16 07:26:33.349,1.14258,1.14267,1.00,1.12
2017.08.16 07:26:33.855,1.14257,1.14267,1.00,1.12
2017.08.16 07:26:35.378,1.14256,1.14266,1.12,1.62
2017.08.16 07:26:35.684,1.14253,1.14264,1.00,1.75
2017.08.16 07:26:37.098,1.14254,1.14264,1.00,1.87
2017.08.16 07:26:37.612,1.14253,1.14264,1.00,2.62
2017.08.16 07:26:38.875,1.14252,1.14263,1.12,2.62
2017.08.16 07:26:39.269,1.14252,1.14261,1.00,1.75
2017.08.16 07:26:39.805,1.14251,1.14261,1.00,1.75
2017.08.16 07:26:40.319,1.1425,1.14261,1.00,2.06
2017.08.16 07:26:40.868,1.1425,1.1426,1.00,2.00
2017.08.16 07:26:41.980,1.14249,1.14259,1.00,1.31
2017.08.16 07:26:42.511,1.14248,1.14259,1.00,2.06
2017.08.16 07:26:43.187,1.14249,1.14259,1.00,1.87
2017.08.16 07:26:44.786,1.14248,1.14259,1.00,1.87
2017.08.16 07:26:50.557,1.14249,1.14259,1.00,1.75
2017.08.16 07:26:51.091,1.1425,1.1426,1.00,1.75
2017.08.16 07:26:53.657,1.14251,1.14261,1.00,2.62
2017.08.16 07:26:53.709,1.14251,1.14262,1.00,3.00
2017.08.16 07:26:54.384,1.14252,1.14262,1.00,3.00
2017.08.16 07:27:04.524,1.14253,1.14262,1.00,2.25
2017.08.16 07:27:04.677,1.14253,1.14262,1.00,2.25
2017.08.16 07:27:13.579,1.14254,1.14263,1.00,2.25
2017.08.16 07:27:14.095,1.14254,1.14265,1.00,3.37
2017.08.16 07:27:14.995,1.14255,1.14265,1.00,3.00
2017.08.16 07:27:15.303,1.14257,1.14263,1.00,1.00
2017.08.16 07:27:15.457,1.14257,1.14267,1.12,2.25
2017.08.16 07:27:15.971,1.14258,1.14268,1.12,1.75
2017.08.16 07:27:16.518,1.14258,1.14266,1.12,1.00
2017.08.16 07:27:17.351,1.14259,1.14269,1.00,1.75
2017.08.16 07:27:21.913,1.14259,1.1427,1.12,2.25
2017.08.16 07:27:21.964,1.1426,1.14269,1.12,1.00
2017.08.16 07:27:22.067,1.14262,1.1427,1.00,1.00
2017.08.16 07:27:24.713,1.14262,1.14272,1.12,2.25
2017.08.16 07:27:25.480,1.14263,1.14272,1.00,2.25
2017.08.16 07:27:25.789,1.14266,1.14276,1.00,1.12
2017.08.16 07:27:25.891,1.14266,1.14277,1.12,2.62
2017.08.16 07:27:26.443,1.14267,1.14277,1.12,2.62
2017.08.16 07:27:27.594,1.14269,1.14279,1.00,1.12
2017.08.16 07:27:27.696,1.1427,1.1428,1.12,1.37
2017.08.16 07:27:28.205,1.14271,1.1428,1.00,1.37
2017.08.16 07:27:30.788,1.14272,1.14282,1.50,2.25
2017.08.16 07:27:30.890,1.14273,1.14283,1.00,2.62
2017.08.16 07:27:31.098,1.14274,1.14283,1.12,2.25
2017.08.16 07:27:31.608,1.14275,1.14283,1.00,1.87
2017.08.16 07:27:32.566,1.14275,1.14284,1.87,1.87
2017.08.16 07:27:35.544,1.14275,1.14286,2.25,2.25
2017.08.16 07:27:38.945,1.14277,1.14288,1.00,2.25
2017.08.16 07:27:39.049,1.14277,1.14288,1.50,2.25
2017.08.16 07:27:39.554,1.14278,1.14289,1.50,2.25
2017.08.16 07:27:42.079,1.14276,1.14288,2.25,2.25
2017.08.16 07:27:42.591,1.14276,1.14286,1.75,1.50
2017.08.16 07:27:43.688,1.14276,1.14287,1.75,1.87
2017.08.16 07:27:44.782,1.14279,1.1429,1.12,2.25
2017.08.16 07:27:44.834,1.14279,1.1429,1.50,2.25
2017.08.16 07:27:45.345,1.14281,1.1429,1.12,1.87
2017.08.16 07:27:56.061,1.14279,1.14291,1.50,1.12
2017.08.16 07:27:56.611,1.14279,1.14292,1.75,2.19
2017.08.16 07:27:57.122,1.14278,1.14291,1.75,3.82
2017.08.16 07:27:57.275,1.14278,1.1429,1.50,1.12
2017.08.16 07:28:00.364,1.14278,1.14291,1.75,1.75
2017.08.16 07:28:01.044,1.14281,1.14293,1.00,1.95
2017.08.16 07:28:01.095,1.14283,1.14294,1.00,3.37
2017.08.16 07:28:01.198,1.14285,1.14296,1.00,1.50
2017.08.16 07:28:01.812,1.14286,1.14297,1.00,3.56
2017.08.16 07:28:01.867,1.14288,1.143,1.00,2.62
2017.08.16 07:28:01.970,1.14289,1.14302,1.12,1.87
2017.08.16 07:28:02.073,1.14289,1.14301,1.75,1.62
2017.08.16 07:28:02.657,1.1429,1.14302,1.50,1.50
2017.08.16 07:28:02.972,1.14297,1.14307,1.00,1.75
2017.08.16 07:28:03.337,1.14297,1.14307,1.00,1.12
2017.08.16 07:28:03.493,1.14293,1.14306,4.57,2.25
2017.08.16 07:28:03.650,1.14295,1.14303,1.37,1.50
2017.08.16 07:28:04.174,1.14298,1.14306,1.00,3.19
2017.08.16 07:28:04.378,1.143,1.14307,1.00,1.50
2017.08.16 07:28:04.894,1.14301,1.14307,1.00,1.50
2017.08.16 07:28:05.149,1.14301,1.14309,1.00,1.87
2017.08.16 07:28:05.507,1.14301,1.14307,1.00,1.50
2017.08.16 07:28:05.713,1.14301,1.1431,1.00,1.37
2017.08.16 07:28:06.821,1.14302,1.14312,1.00,1.75
2017.08.16 07:28:07.026,1.14303,1.14315,1.12,1.75
2017.08.16 07:28:07.129,1.14304,1.14315,1.12,1.75
2017.08.16 07:28:07.808,1.14305,1.14316,1.00,2.87
2017.08.16 07:28:07.912,1.14307,1.14317,1.00,3.07
2017.08.16 07:28:08.316,1.14314,1.14323,1.00,1.87
2017.08.16 07:28:08.419,1.14316,1.14323,1.00,1.50
2017.08.16 07:28:08.522,1.14314,1.14323,1.00,1.50
2017.08.16 07:28:08.675,1.14317,1.14324,1.00,1.87
2017.08.16 07:28:08.956,1.14315,1.14322,1.00,1.50
2017.08.16 07:28:09.219,1.14312,1.1432,1.37,1.50
2017.08.16 07:28:09.546,1.14306,1.14316,1.75,2.62
2017.08.16 07:28:09.854,1.14308,1.14313,1.50,1.50
2017.08.16 07:28:10.564,1.14306,1.14315,2.25,1.50
2017.08.16 07:28:11.327,1.14307,1.14316,1.75,1.31
2017.08.16 07:28:11.532,1.14309,1.14319,1.12,3.00
2017.08.16 07:28:11.788,1.14311,1.14319,1.00,1.87
2017.08.16 07:28:12.243,1.14309,1.14318,1.12,1.87
2017.08.16 07:28:12.760,1.14307,1.14316,1.75,1.50
2017.08.16 07:28:13.163,1.14304,1.14313,1.37,2.44
2017.08.16 07:28:13.216,1.14303,1.14312,1.12,1.00
2017.08.16 07:28:15.900,1.14305,1.14312,1.00,1.87
2017.08.16 07:28:16.525,1.14302,1.14312,1.75,1.87
2017.08.16 07:28:17.034,1.14302,1.14312,1.50,2.25
2017.08.16 07:28:20.713,1.14302,1.14312,1.50,2.25
2017.08.16 07:28:22.046,1.14298,1.14308,1.50,1.87
2017.08.16 07:28:22.149,1.14298,1.14308,1.37,1.37
2017.08.16 07:28:22.404,1.143,1.14309,1.12,1.00
2017.08.16 07:28:23.031,1.14299,1.1431,1.50,5.06
2017.08.16 07:28:25.159,1.14299,1.14309,1.50,2.25
2017.08.16 07:28:36.481,1.14298,1.14308,1.75,1.00
2017.08.16 07:28:36.584,1.14297,1.14306,1.75,1.50
2017.08.16 07:28:36.687,1.14296,1.14306,1.75,1.50
2017.08.16 07:28:36.790,1.14296,1.14306,1.12,2.25
2017.08.16 07:28:38.297,1.14295,1.14306,1.12,2.25
2017.08.16 07:28:40.198,1.14296,1.14306,1.00,2.25
2017.08.16 07:28:40.723,1.14296,1.14306,1.12,2.25
2017.08.16 07:28:41.237,1.14297,1.14307,1.00,1.31
2017.08.16 07:28:42.751,1.14298,1.14308,1.00,1.87
2017.08.16 07:28:42.854,1.143,1.14309,1.00,3.00
2017.08.16 07:28:42.905,1.143,1.1431,1.00,1.12
2017.08.16 07:28:43.264,1.14302,1.14311,1.00,2.25
2017.08.16 07:28:43.569,1.14304,1.14314,1.00,1.12
2017.08.16 07:28:43.622,1.14303,1.14314,1.12,1.31
2017.08.16 07:28:44.083,1.14305,1.14313,1.00,1.87
2017.08.16 07:28:44.611,1.14306,1.14314,1.00,2.25
2017.08.16 07:28:45.131,1.14305,1.14314,1.00,2.25
2017.08.16 07:28:48.357,1.14306,1.14316,1.00,3.94
2017.08.16 07:28:48.887,1.14307,1.14316,1.00,3.37
2017.08.16 07:28:49.408,1.14306,1.14316,1.00,3.37
2017.08.16 07:28:49.987,1.14305,1.14316,1.00,3.37
2017.08.16 07:28:51.513,1.14307,1.14317,1.00,4.69
2017.08.16 07:28:51.616,1.14307,1.14317,1.00,2.81
2017.08.16 07:28:51.949,1.14308,1.14319,1.12,1.31
2017.08.16 07:28:54.033,1.14307,1.14319,1.75,1.37
2017.08.16 07:28:54.583,1.14307,1.14319,1.75,1.00
2017.08.16 07:28:59.853,1.14308,1.14321,1.75,1.81
2017.08.16 07:29:02.343,1.14308,1.1432,1.75,2.62
2017.08.16 07:29:02.650,1.14308,1.1432,1.75,1.50
2017.08.16 07:29:04.359,1.14308,1.14316,1.75,1.50
2017.08.16 07:29:04.567,1.14304,1.14316,2.25,1.00
2017.08.16 07:29:04.671,1.14304,1.14316,2.25,1.54
2017.08.16 07:29:04.835,1.14305,1.14317,1.87,2.25
2017.08.16 07:29:08.491,1.14304,1.14314,1.75,1.50
2017.08.16 07:29:09.186,1.14304,1.14315,1.75,1.31
2017.08.16 07:29:09.723,1.14304,1.14316,1.75,1.50
2017.08.16 07:29:10.914,1.14305,1.14316,1.75,1.12
2017.08.16 07:29:12.916,1.14305,1.14316,1.75,1.37
2017.08.16 07:29:14.101,1.14304,1.14314,2.25,1.00
2017.08.16 07:29:14.612,1.14304,1.14315,1.75,1.12
2017.08.16 07:29:15.862,1.14304,1.14316,1.75,2.25
2017.08.16 07:29:16.171,1.14308,1.14319,1.75,1.87
2017.08.16 07:29:16.792,1.14308,1.14319,1.75,1.00
2017.08.16 07:29:19.632,1.14308,1.1432,1.87,3.37
2017.08.16 07:29:20.511,1.1431,1.14321,1.37,1.00
2017.08.16 07:29:25.340,1.14311,1.14322,2.25,1.00
2017.08.16 07:29:25.847,1.14314,1.14326,1.00,1.87
2017.08.16 07:29:26.366,1.14314,1.14326,1.37,1.12
2017.08.16 07:29:26.877,1.14314,1.14326,1.31,1.37
2017.08.16 07:29:30.461,1.14316,1.14328,3.75,3.75
2017.08.16 07:29:44.597,1.1432,1.14331,1.00,4.69
2017.08.16 07:29:45.107,1.14321,1.14331,1.00,2.62
2017.08.16 07:29:45.209,1.14321,1.14331,1.50,2.25
2017.08.16 07:29:45.986,1.14323,1.14332,1.00,1.37
2017.08.16 07:29:46.040,1.14325,1.14334,1.12,1.75
2017.08.16 07:29:46.093,1.14325,1.14336,2.10,1.12
2017.08.16 07:29:46.145,1.14329,1.14335,2.62,1.00
2017.08.16 07:29:46.197,1.14331,1.14341,1.37,1.75
2017.08.16 07:29:46.406,1.14333,1.14342,3.37,1.00
2017.08.16 07:29:46.702,1.14333,1.14344,2.25,2.25
2017.08.16 07:29:47.220,1.14336,1.14345,1.00,1.87
2017.08.16 07:29:47.528,1.14337,1.1435,2.25,2.25
2017.08.16 07:29:47.870,1.14341,1.14351,1.87,3.00
2017.08.16 07:29:48.176,1.14341,1.14351,1.87,2.25
2017.08.16 07:29:48.579,1.14345,1.14353,1.00,1.50
2017.08.16 07:29:48.993,1.14344,1.14355,1.87,2.42
2017.08.16 07:29:49.165,1.14344,1.14352,2.06,1.00
2017.08.16 07:29:49.267,1.14342,1.14351,2.25,1.50
2017.08.16 07:29:49.319,1.14342,1.14351,1.12,1.75
2017.08.16 07:29:49.525,1.1434,1.1435,2.25,1.75
2017.08.16 07:29:49.738,1.14337,1.14348,1.87,1.12
2017.08.16 07:29:50.094,1.14339,1.14349,1.00,2.80
2017.08.16 07:29:50.351,1.14337,1.14346,1.50,1.87
2017.08.16 07:29:50.891,1.1434,1.14349,1.00,1.75
2017.08.16 07:29:50.994,1.1434,1.1435,1.00,2.25
2017.08.16 07:29:51.147,1.1434,1.14351,1.87,1.75
2017.08.16 07:29:51.476,1.14339,1.1435,1.50,2.25
2017.08.16 07:29:51.735,1.14336,1.14344,1.50,1.50
2017.08.16 07:29:52.058,1.14335,1.14345,1.37,1.75
2017.08.16 07:29:52.423,1.14333,1.14343,1.37,2.25
2017.08.16 07:29:52.474,1.14332,1.14343,1.12,3.00
2017.08.16 07:29:52.627,1.14328,1.14338,3.00,1.50
2017.08.16 07:29:53.143,1.1433,1.14341,1.12,2.25
2017.08.16 07:29:53.449,1.1433,1.14342,3.00,2.25
2017.08.16 07:29:54.227,1.14329,1.14341,2.25,3.00
2017.08.16 07:29:55.155,1.14331,1.14342,1.87,3.37
2017.08.16 07:29:55.209,1.14332,1.14344,3.37,1.75
2017.08.16 07:29:55.618,1.14332,1.14343,1.50,2.25
2017.08.16 07:29:57.125,1.1433,1.14342,1.87,1.75
2017.08.16 07:29:57.448,1.14329,1.14341,1.50,1.75
2017.08.16 07:29:59.317,1.14327,1.14339,1.50,3.75
2017.08.16 07:29:59.471,1.14327,1.14339,1.00,4.50
2017.08.16 07:30:00.168,1.14328,1.14339,1.00,3.00
2017.08.16 07:30:01.024,1.14329,1.14339,1.00,3.00
2017.08.16 07:30:01.602,1.14328,1.14339,1.00,3.75
2017.08.16 07:30:02.323,1.14326,1.14338,2.62,1.75
2017.08.16 07:30:02.563,1.14329,1.1434,1.00,5.62
2017.08.16 07:30:02.819,1.14329,1.14338,1.50,1.00
2017.08.16 07:30:03.321,1.1433,1.14339,1.50,1.00
2017.08.16 07:30:03.373,1.14331,1.14342,2.06,1.75
2017.08.16 07:30:03.688,1.14344,1.14351,2.62,2.62
2017.08.16 07:30:03.741,1.14347,1.14357,1.00,2.25
2017.08.16 07:30:03.845,1.14349,1.14359,1.87,1.00
2017.08.16 07:30:04.109,1.14354,1.14362,1.00,1.37
2017.08.16 07:30:04.418,1.14361,1.1437,1.12,1.50
2017.08.16 07:30:05.145,1.14361,1.1437,1.00,2.06
2017.08.16 07:30:05.248,1.14359,1.1437,1.50,2.44
2017.08.16 07:30:05.401,1.14359,1.1437,1.50,2.44
2017.08.16 07:30:05.711,1.14358,1.14366,1.37,1.50
2017.08.16 07:30:05.763,1.14356,1.14366,1.37,1.87
2017.08.16 07:30:06.132,1.14356,1.14364,1.00,1.50
2017.08.16 07:30:06.643,1.14355,1.14368,1.50,3.00
2017.08.16 07:30:06.746,1.14357,1.14368,1.00,3.00
2017.08.16 07:30:07.263,1.14355,1.14368,1.87,1.75
2017.08.16 07:30:07.727,1.14355,1.14363,1.12,1.50
2017.08.16 07:30:08.267,1.14354,1.14364,1.00,2.25
2017.08.16 07:30:08.783,1.14352,1.14364,1.37,3.00
2017.08.16 07:30:09.321,1.14351,1.14362,1.12,1.50
2017.08.16 07:30:09.579,1.14348,1.1436,1.87,3.75
2017.08.16 07:30:10.094,1.14348,1.14359,1.12,1.12
2017.08.16 07:30:10.357,1.14348,1.14359,1.00,3.00
2017.08.16 07:30:10.868,1.14347,1.14358,1.12,1.12
2017.08.16 07:30:11.867,1.14347,1.14358,1.00,1.75
2017.08.16 07:30:12.368,1.14348,1.14357,1.87,1.00
2017.08.16 07:30:12.923,1.14348,1.14359,1.37,1.50
2017.08.16 07:30:13.445,1.14348,1.14357,1.00,1.12
2017.08.16 07:30:14.351,1.14347,1.14357,1.00,1.50
2017.08.16 07:30:14.882,1.14341,1.14351,1.87,1.00
2017.08.16 07:30:14.987,1.1434,1.1435,1.75,1.00
2017.08.16 07:30:15.554,1.1434,1.1435,1.87,1.12
2017.08.16 07:30:16.949,1.14339,1.14349,1.12,1.00
2017.08.16 07:30:17.205,1.14339,1.14349,1.00,1.50
2017.08.16 07:30:18.981,1.14337,1.14348,2.62,1.50
2017.08.16 07:30:19.499,1.14337,1.14349,1.62,1.75
2017.08.16 07:30:20.559,1.14336,1.14344,1.87,1.00
2017.08.16 07:30:20.714,1.14332,1.14343,1.12,1.50
2017.08.16 07:30:21.224,1.14332,1.14343,1.87,1.50
2017.08.16 07:30:21.479,1.14333,1.14343,1.87,1.00
2017.08.16 07:30:22.994,1.14333,1.14343,1.37,1.12
2017.08.16 07:30:23.654,1.1434,1.14344,1.50,1.00
2017.08.16 07:30:23.706,1.14346,1.14351,1.00,1.12
2017.08.16 07:30:23.757,1.14352,1.14357,1.87,1.50
2017.08.16 07:30:23.860,1.14357,1.14364,1.87,1.50
2017.08.16 07:30:23.912,1.14357,1.14365,3.00,2.62
2017.08.16 07:30:24.016,1.14358,1.1437,5.25,1.87
2017.08.16 07:30:24.547,1.14358,1.14369,1.50,1.50
2017.08.16 07:30:24.906,1.14356,1.14365,1.12,1.00
2017.08.16 07:30:25.008,1.14354,1.14365,1.87,1.00
2017.08.16 07:30:25.224,1.14354,1.14364,1.37,1.87
2017.08.16 07:30:25.634,1.14356,1.14368,1.37,3.37
2017.08.16 07:30:25.686,1.14357,1.14369,1.37,3.00
2017.08.16 07:30:26.261,1.14356,1.14366,1.12,1.50
2017.08.16 07:30:26.787,1.14355,1.14366,1.12,2.62
2017.08.16 07:30:28.097,1.14357,1.14369,2.06,1.75
2017.08.16 07:30:28.691,1.14356,1.14366,1.12,1.00
2017.08.16 07:30:29.231,1.14357,1.14368,1.37,1.50
2017.08.16 07:30:30.211,1.14357,1.14368,1.12,1.12
2017.08.16 07:30:30.316,1.14359,1.14369,1.75,1.00
2017.08.16 07:30:30.421,1.14357,1.14367,1.56,1.12
2017.08.16 07:30:30.678,1.14356,1.14365,1.37,1.00
2017.08.16 07:30:31.187,1.14355,1.14366,1.31,1.12
2017.08.16 07:30:31.880,1.14357,1.14369,1.50,2.25
2017.08.16 07:30:32.034,1.14358,1.14369,1.37,1.50
2017.08.16 07:30:32.085,1.14361,1.14371,1.00,1.75
2017.08.16 07:30:33.520,1.14362,1.14372,1.00,2.62
2017.08.16 07:30:33.750,1.14364,1.14371,1.00,1.00
2017.08.16 07:30:33.803,1.14367,1.14377,1.00,2.25
2017.08.16 07:30:33.909,1.14367,1.14376,1.12,1.00
2017.08.16 07:30:34.420,1.14368,1.14379,2.25,1.75
2017.08.16 07:30:34.510,1.14369,1.14379,1.37,1.12
2017.08.16 07:30:34.716,1.14368,1.14377,2.25,1.00
2017.08.16 07:30:34.768,1.14368,1.14379,1.87,2.62
2017.08.16 07:30:35.024,1.14373,1.14383,1.12,2.25
2017.08.16 07:30:35.379,1.14371,1.1438,1.50,1.50
2017.08.16 07:30:35.894,1.14373,1.14382,1.00,2.25
2017.08.16 07:30:36.209,1.14372,1.14382,1.00,4.69
2017.08.16 07:30:36.414,1.14373,1.14383,1.00,2.44
2017.08.16 07:30:36.924,1.14374,1.14383,1.00,2.44
2017.08.16 07:30:37.134,1.14373,1.14383,1.12,2.25
2017.08.16 07:30:37.237,1.14375,1.14383,1.00,2.25
2017.08.16 07:30:37.547,1.14377,1.14386,1.00,3.37
2017.08.16 07:30:37.752,1.14377,1.14387,1.00,1.75
2017.08.16 07:30:37.952,1.14379,1.14387,1.00,1.75
2017.08.16 07:30:38.464,1.14378,1.14388,1.00,3.94
2017.08.16 07:30:38.977,1.1438,1.1439,1.00,3.37
2017.08.16 07:30:39.285,1.14387,1.14395,1.00,3.37
2017.08.16 07:30:39.440,1.14387,1.14397,1.00,4.69
2017.08.16 07:30:40.407,1.14386,1.14395,1.00,1.50
2017.08.16 07:30:40.510,1.14384,1.14394,1.00,3.75
2017.08.16 07:30:40.834,1.14386,1.14393,1.00,2.25
2017.08.16 07:30:41.297,1.14391,1.14396,1.00,2.25
2017.08.16 07:30:41.502,1.14397,1.14405,1.00,1.00
2017.08.16 07:30:41.639,1.14398,1.14406,1.37,1.69
2017.08.16 07:30:41.744,1.14402,1.14412,1.87,1.00
2017.08.16 07:30:41.797,1.14402,1.14409,1.75,1.50
2017.08.16 07:30:41.954,1.144,1.14409,1.12,1.00
2017.08.16 07:30:43.034,1.14399,1.14407,1.75,1.00
2017.08.16 07:30:43.136,1.14397,1.14407,2.25,1.00
2017.08.16 07:30:43.341,1.14397,1.14407,1.50,1.12
2017.08.16 07:30:43.653,1.14396,1.14405,1.50,1.00
2017.08.16 07:30:43.757,1.14395,1.14404,1.95,1.50
2017.08.16 07:30:43.911,1.14397,1.14406,1.00,2.25
2017.08.16 07:30:44.065,1.14395,1.14406,3.82,1.50
2017.08.16 07:30:44.269,1.14399,1.14406,1.20,1.50
2017.08.16 07:30:44.723,1.14399,1.14407,1.95,1.00
2017.08.16 07:30:45.270,1.14399,1.14408,1.87,1.50
2017.08.16 07:30:46.094,1.14399,1.14406,1.00,1.00
2017.08.16 07:30:46.412,1.14395,1.14403,1.75,1.50
2017.08.16 07:30:46.464,1.14395,1.14403,1.75,1.50
2017.08.16 07:30:47.006,1.14395,1.14404,1.50,1.00
2017.08.16 07:30:47.529,1.14395,1.14405,1.87,1.87
2017.08.16 07:30:48.079,1.14397,1.14404,1.00,1.00
2017.08.16 07:30:49.675,1.14396,1.144,1.00,1.12
2017.08.16 07:30:49.727,1.14387,1.14394,1.37,1.00
2017.08.16 07:30:49.778,1.14384,1.14388,1.00,1.00
2017.08.16 07:30:49.830,1.1438,1.14384,7.95,1.00
2017.08.16 07:30:49.884,1.14384,1.14388,1.00,1.00
2017.08.16 07:30:49.937,1.14377,1.14389,2.62,1.75
2017.08.16 07:30:50.041,1.14379,1.14389,1.12,1.00
2017.08.16 07:30:50.390,1.14384,1.14393,1.00,3.00
2017.08.16 07:30:50.544,1.14385,1.14394,1.50,1.12
2017.08.16 07:30:50.970,1.14388,1.14396,1.00,1.12
2017.08.16 07:30:51.502,1.14388,1.14395,1.00,1.00
2017.08.16 07:30:52.020,1.14385,1.14394,2.62,1.00
2017.08.16 07:30:52.582,1.14386,1.14394,1.12,1.00
2017.08.16 07:30:53.157,1.14386,1.14395,1.12,1.00
2017.08.16 07:30:53.261,1.14386,1.14392,1.37,1.00
2017.08.16 07:30:53.470,1.1438,1.14389,1.00,1.12
2017.08.16 07:30:54.018,1.1438,1.14388,1.00,1.00
2017.08.16 07:30:54.528,1.14379,1.14387,1.62,1.00
2017.08.16 07:30:55.045,1.14379,1.14388,1.00,1.12
2017.08.16 07:30:55.557,1.14377,1.14388,2.62,1.87
2017.08.16 07:30:56.669,1.14377,1.14386,1.12,1.00
2017.08.16 07:30:57.216,1.14378,1.14386,1.00,1.00
2017.08.16 07:30:58.035,1.14377,1.14387,1.87,1.50
2017.08.16 07:30:58.188,1.14375,1.14385,1.12,1.00
2017.08.16 07:30:58.393,1.1437,1.14381,2.25,1.12
2017.08.16 07:31:00.570,1.14368,1.1438,1.87,1.75
2017.08.16 07:31:01.079,1.14368,1.14379,1.12,1.75
2017.08.16 07:31:05.892,1.14365,1.14376,2.62,1.00
2017.08.16 07:31:06.263,1.14364,1.14375,1.94,1.12
2017.08.16 07:31:11.487,1.14364,1.14375,2.06,1.50
2017.08.16 07:31:12.484,1.14364,1.14375,1.56,1.50
2017.08.16 07:31:12.587,1.14362,1.14372,1.12,1.00
2017.08.16 07:31:12.897,1.14355,1.14365,1.25,1.75
2017.08.16 07:31:13.051,1.14357,1.14365,1.00,1.75
2017.08.16 07:31:13.275,1.1436,1.14369,1.00,1.75
2017.08.16 07:31:13.752,1.14364,1.14368,1.00,1.00
2017.08.16 07:31:13.905,1.14367,1.14378,1.12,1.75
2017.08.16 07:31:14.008,1.14367,1.14378,1.12,1.00
2017.08.16 07:31:14.059,1.14375,1.1438,1.00,2.44
2017.08.16 07:31:14.110,1.14372,1.14377,1.00,1.12
2017.08.16 07:31:14.612,1.14371,1.14378,1.00,1.12
2017.08.16 07:31:15.626,1.1437,1.14378,1.12,1.12
2017.08.16 07:31:16.170,1.1437,1.1438,1.12,3.19
2017.08.16 07:31:17.270,1.14368,1.14377,1.00,1.12
2017.08.16 07:31:17.797,1.14366,1.14378,4.31,1.75
2017.08.16 07:31:22.096,1.14366,1.14377,2.06,1.50
2017.08.16 07:31:22.639,1.14366,1.14376,2.62,1.12
2017.08.16 07:31:23.156,1.14367,1.14377,1.12,1.12
2017.08.16 07:31:23.258,1.14366,1.14375,1.12,1.00
2017.08.16 07:31:23.776,1.14366,1.14375,1.50,1.12
2017.08.16 07:31:24.278,1.14365,1.14375,2.62,1.12
2017.08.16 07:31:25.217,1.14366,1.14375,1.50,1.12
2017.08.16 07:31:28.794,1.14365,1.14377,4.69,1.75
2017.08.16 07:31:28.897,1.14367,1.14376,1.00,1.31
2017.08.16 07:31:29.203,1.14366,1.14377,1.37,2.25
2017.08.16 07:31:29.729,1.14366,1.14377,3.19,1.75
2017.08.16 07:31:30.692,1.14366,1.14373,3.19,1.00
2017.08.16 07:31:30.744,1.14365,1.14376,2.62,1.50
2017.08.16 07:31:31.241,1.14367,1.14378,1.87,1.75
2017.08.16 07:31:31.292,1.14366,1.14377,1.69,1.75
2017.08.16 07:31:31.811,1.14367,1.14375,1.00,1.00
2017.08.16 07:31:34.638,1.14366,1.14378,3.19,1.75
2017.08.16 07:31:34.740,1.14367,1.14378,1.31,1.50
2017.08.16 07:31:36.483,1.14367,1.14377,2.62,1.12
2017.08.16 07:31:36.984,1.14366,1.14377,3.56,1.50
2017.08.16 07:31:38.253,1.14366,1.14376,2.44,1.12
2017.08.16 07:31:38.737,1.14366,1.14376,1.37,2.00
2017.08.16 07:31:39.273,1.14366,1.14377,1.37,1.75
2017.08.16 07:31:39.325,1.14366,1.14377,1.12,1.50
2017.08.16 07:31:39.377,1.14366,1.14373,1.37,1.00
2017.08.16 07:31:41.362,1.14367,1.14376,1.00,1.12
2017.08.16 07:31:41.516,1.14366,1.14373,1.87,1.00
2017.08.16 07:31:41.618,1.14363,1.14372,1.69,1.12
2017.08.16 07:31:41.721,1.1436,1.14367,1.12,1.00
2017.08.16 07:31:41.824,1.1436,1.14365,1.00,1.12
2017.08.16 07:31:41.875,1.14364,1.1437,1.00,2.62
2017.08.16 07:31:41.927,1.14364,1.14372,1.37,1.50
2017.08.16 07:31:42.030,1.14365,1.14375,1.37,1.75
2017.08.16 07:31:42.133,1.14365,1.14375,3.56,1.12
2017.08.16 07:31:42.637,1.14366,1.14377,3.00,1.75
2017.08.16 07:31:43.147,1.14365,1.14374,3.37,1.00
2017.08.16 07:31:48.496,1.14365,1.14374,1.12,1.00
2017.08.16 07:31:51.825,1.14365,1.14374,2.81,1.00
2017.08.16 07:31:52.401,1.14365,1.14374,2.81,1.00
2017.08.16 07:31:53.685,1.14365,1.14375,3.56,1.12
2017.08.16 07:31:54.432,1.14365,1.14374,3.56,1.00
2017.08.16 07:31:54.974,1.14365,1.14374,2.06,1.00
2017.08.16 07:31:55.495,1.14366,1.14375,1.12,1.12
2017.08.16 07:31:56.050,1.14365,1.14374,2.06,1.00
2017.08.16 07:31:56.942,1.14365,1.14375,1.62,1.12
2017.08.16 07:31:57.456,1.14364,1.14374,3.37,1.00
2017.08.16 07:31:58.137,1.14365,1.14375,1.69,1.12
2017.08.16 07:31:58.649,1.14365,1.14374,1.69,1.00
2017.08.16 07:31:59.159,1.14365,1.14375,2.06,1.12
2017.08.16 07:31:59.696,1.14365,1.14374,1.62,1.00
2017.08.16 07:32:00.383,1.14364,1.14373,3.19,1.00
2017.08.16 07:32:00.689,1.14364,1.14374,1.87,1.50
2017.08.16 07:32:01.203,1.14364,1.14372,1.12,1.00
2017.08.16 07:32:01.510,1.14362,1.1437,1.12,1.00
2017.08.16 07:32:01.716,1.14359,1.1437,1.00,3.37
2017.08.16 07:32:01.767,1.14359,1.14368,1.50,1.00
2017.08.16 07:32:02.511,1.14355,1.14367,4.31,1.00
2017.08.16 07:32:02.614,1.14354,1.14366,2.19,1.12
2017.08.16 07:32:04.921,1.14353,1.14364,1.94,1.00
2017.08.16 07:32:05.127,1.14349,1.14361,1.75,2.51
2017.08.16 07:32:05.298,1.1435,1.1436,1.00,1.95
2017.08.16 07:32:05.973,1.14349,1.1436,1.31,1.95
2017.08.16 07:32:09.117,1.14352,1.1436,1.00,1.95
2017.08.16 07:32:09.423,1.14351,1.14361,1.12,1.95
2017.08.16 07:32:09.933,1.1435,1.1436,1.12,1.50
2017.08.16 07:32:13.042,1.14349,1.1436,1.31,1.95
2017.08.16 07:32:18.034,1.14349,1.14361,2.44,1.95
2017.08.16 07:32:18.270,1.1435,1.14361,2.25,1.00
2017.08.16 07:32:18.801,1.14349,1.1436,1.87,1.50
2017.08.16 07:32:19.107,1.14347,1.14358,1.31,1.00
2017.08.16 07:32:19.158,1.14347,1.14358,1.31,1.12
2017.08.16 07:32:20.266,1.14345,1.14357,4.87,1.00
2017.08.16 07:32:20.572,1.14346,1.14356,1.50,1.20
2017.08.16 07:32:23.263,1.14344,1.14355,2.25,1.00
2017.08.16 07:32:23.468,1.14342,1.14353,1.12,1.12
2017.08.16 07:32:23.998,1.14341,1.14353,2.25,1.50
2017.08.16 07:32:24.636,1.14341,1.14353,1.87,1.85
2017.08.16 07:32:26.389,1.14345,1.14354,1.00,2.70
2017.08.16 07:32:26.594,1.14346,1.14356,1.12,1.57
2017.08.16 07:32:27.177,1.14347,1.14356,1.00,1.50
2017.08.16 07:32:28.014,1.14346,1.14357,1.87,1.95
2017.08.16 07:32:30.557,1.14347,1.14357,1.00,1.95
2017.08.16 07:32:31.481,1.14347,1.14357,1.37,1.95
2017.08.16 07:32:31.992,1.14347,1.14357,1.50,1.57
2017.08.16 07:32:36.504,1.14347,1.14357,1.12,1.50
2017.08.16 07:32:38.698,1.14346,1.14356,1.50,1.37
2017.08.16 07:32:42.278,1.14348,1.14356,1.00,1.50
2017.08.16 07:32:42.814,1.14346,1.14356,1.87,1.50
2017.08.16 07:32:45.872,1.14342,1.14354,4.87,1.00
2017.08.16 07:32:45.924,1.14342,1.14354,3.00,1.50
2017.08.16 07:32:46.434,1.14343,1.14352,1.00,1.12
2017.08.16 07:32:47.832,1.1434,1.14351,2.06,1.00
2017.08.16 07:32:47.985,1.14339,1.14349,3.37,1.00
2017.08.16 07:32:48.138,1.14338,1.1435,1.87,1.50
2017.08.16 07:32:49.499,1.14341,1.14352,1.87,1.75
2017.08.16 07:32:49.653,1.14341,1.14352,1.12,1.12
2017.08.16 07:32:51.488,1.14343,1.14354,1.50,1.75
2017.08.16 07:32:53.620,1.14343,1.14354,2.06,1.50
2017.08.16 07:32:54.165,1.14343,1.14354,2.62,1.00
2017.08.16 07:32:54.728,1.14344,1.14355,3.19,1.12
2017.08.16 07:32:55.239,1.14345,1.14355,1.75,1.00
2017.08.16 07:32:56.332,1.14346,1.14355,1.00,1.12
2017.08.16 07:33:01.778,1.14346,1.14356,1.50,1.12
2017.08.16 07:33:01.880,1.14346,1.14356,1.75,1.00
2017.08.16 07:33:02.618,1.14346,1.14357,1.75,1.00
2017.08.16 07:33:04.686,1.14347,1.14358,1.12,1.12
2017.08.16 07:33:08.203,1.14347,1.14358,2.19,1.00
2017.08.16 07:33:08.782,1.14347,1.14359,3.37,1.12
2017.08.16 07:33:09.463,1.1435,1.14362,2.44,1.50
2017.08.16 07:33:09.514,1.1435,1.14362,2.44,1.50
2017.08.16 07:33:10.034,1.1435,1.1436,2.44,1.00
2017.08.16 07:33:10.292,1.14348,1.14358,1.75,1.00
2017.08.16 07:33:10.343,1.14348,1.1436,2.25,1.12
2017.08.16 07:33:10.599,1.14348,1.14358,1.75,1.00
2017.08.16 07:33:10.901,1.14347,1.14356,1.75,1.00
2017.08.16 07:33:11.411,1.14348,1.14357,2.25,1.00
2017.08.16 07:33:11.913,1.14348,1.14357,3.19,1.00
2017.08.16 07:33:12.209,1.14348,1.14357,1.50,1.12
2017.08.16 07:33:13.796,1.14348,1.14357,1.37,1.00
2017.08.16 07:33:14.332,1.14347,1.14356,1.50,1.00
2017.08.16 07:33:16.467,1.14348,1.14357,1.12,1.12
2017.08.16 07:33:16.990,1.14348,1.14357,1.50,1.00
2017.08.16 07:33:22.305,1.1435,1.1436,1.00,1.12
2017.08.16 07:33:24.757,1.14351,1.14361,1.00,1.75
2017.08.16 07:33:25.266,1.14352,1.14361,1.00,1.75
2017.08.16 07:33:25.787,1.14353,1.14361,1.00,1.75
2017.08.16 07:33:25.992,1.14353,1.14363,1.00,1.75
2017.08.16 07:33:28.176,1.14351,1.14363,1.69,2.25
2017.08.16 07:33:36.404,1.14349,1.14359,1.87,1.00
2017.08.16 07:33:36.923,1.14349,1.14359,1.87,1.12
2017.08.16 07:33:45.781,1.14355,1.14363,1.00,3.00
2017.08.16 07:33:45.934,1.14358,1.14367,1.00,3.37
2017.08.16 07:33:46.036,1.14358,1.14367,1.50,1.00
2017.08.16 07:33:46.565,1.14358,1.14367,1.75,1.00
2017.08.16 07:33:47.074,1.14358,1.14368,1.75,1.00
2017.08.16 07:33:47.610,1.14358,1.14367,1.75,1.00
2017.08.16 07:33:48.695,1.14359,1.14366,1.00,1.00
2017.08.16 07:33:49.206,1.14356,1.14366,1.75,1.00
2017.08.16 07:33:49.785,1.14355,1.14365,2.25,1.00
2017.08.16 07:33:50.295,1.14355,1.14366,3.19,1.00
2017.08.16 07:33:50.449,1.14353,1.14364,4.95,1.00
2017.08.16 07:33:50.653,1.14351,1.14362,3.56,1.00
2017.08.16 07:33:52.947,1.14351,1.14361,2.44,1.00
2017.08.16 07:33:58.012,1.14352,1.14362,1.75,1.00
2017.08.16 07:33:58.318,1.14354,1.14364,1.62,1.00
2017.08.16 07:33:59.235,1.14354,1.14365,1.87,1.12
2017.08.16 07:34:00.275,1.14353,1.14364,2.51,1.12
2017.08.16 07:34:00.737,1.14352,1.14362,2.06,1.00
2017.08.16 07:34:01.244,1.14352,1.14363,3.94,1.00
2017.08.16 07:34:02.769,1.14351,1.14361,3.94,1.00
2017.08.16 07:34:03.279,1.14351,1.14362,2.06,1.00
2017.08.16 07:34:18.693,1.14352,1.14364,1.75,1.50
2017.08.16 07:34:19.000,1.14356,1.14367,3.75,1.00
2017.08.16 07:34:19.409,1.14358,1.1437,1.75,1.50
2017.08.16 07:34:20.753,1.14358,1.14369,3.00,1.00
2017.08.16 07:34:21.277,1.14359,1.14369,1.75,1.00
2017.08.16 07:34:22.173,1.14357,1.14368,2.62,1.00
2017.08.16 07:34:22.674,1.14356,1.14368,2.06,1.12
2017.08.16 07:34:25.651,1.14364,1.14371,1.00,1.12
2017.08.16 07:34:25.703,1.14367,1.14375,1.12,1.00
2017.08.16 07:34:26.213,1.14366,1.14376,1.50,2.32
2017.08.16 07:34:26.468,1.14363,1.14374,2.25,1.12
2017.08.16 07:34:26.981,1.14364,1.14375,1.12,1.50
2017.08.16 07:34:29.506,1.14362,1.14373,1.95,1.00
2017.08.16 07:34:29.819,1.1436,1.1437,2.06,1.00
2017.08.16 07:34:30.280,1.14358,1.14369,2.89,1.00
2017.08.16 07:34:30.639,1.14356,1.14367,2.62,1.00
2017.08.16 07:34:30.895,1.14355,1.14367,2.62,1.12
2017.08.16 07:34:31.405,1.14355,1.14366,2.44,1.00
2017.08.16 07:34:31.711,1.14353,1.14365,4.69,1.12
2017.08.16 07:34:35.249,1.14352,1.14362,1.87,1.00
2017.08.16 07:34:35.473,1.1435,1.1436,1.87,1.12
2017.08.16 07:34:35.525,1.1435,1.14359,1.37,1.00
2017.08.16 07:34:35.680,1.14346,1.14359,2.70,1.50
2017.08.16 07:34:36.190,1.14346,1.14359,2.62,1.75
2017.08.16 07:34:39.279,1.14344,1.14357,3.82,1.50
2017.08.16 07:34:42.386,1.14344,1.14355,2.06,1.00
2017.08.16 07:34:45.806,1.14342,1.14355,5.70,1.50
2017.08.16 07:34:46.392,1.14342,1.14353,1.75,1.12
2017.08.16 07:34:46.494,1.14342,1.14352,1.12,1.50
2017.08.16 07:34:47.031,1.14342,1.14352,1.00,1.75
2017.08.16 07:34:47.574,1.14341,1.14353,2.06,2.25
2017.08.16 07:34:48.085,1.14339,1.14352,5.14,1.50
2017.08.16 07:34:48.392,1.1434,1.14351,2.62,1.75
2017.08.16 07:34:48.850,1.1434,1.14349,1.00,2.25
2017.08.16 07:34:49.319,1.14334,1.14344,2.32,1.00
2017.08.16 07:34:49.524,1.14331,1.14339,1.00,1.12
2017.08.16 07:34:49.576,1.14329,1.14339,3.75,1.50
2017.08.16 07:34:49.831,1.14326,1.14336,1.37,1.50
2017.08.16 07:34:49.934,1.14323,1.14333,2.44,1.37
2017.08.16 07:34:50.037,1.14323,1.14331,1.00,1.00
2017.08.16 07:34:50.238,1.14319,1.14331,1.76,1.50
2017.08.16 07:34:50.546,1.14327,1.14336,1.00,1.12
2017.08.16 07:34:50.700,1.14327,1.14337,1.12,1.37
2017.08.16 07:34:50.854,1.1433,1.14339,1.00,1.12
2017.08.16 07:34:51.007,1.14331,1.14342,1.00,1.12
