2017.08.28 09:00:00.274,1.13701,1.13711,1.16,1.00
2017.08.28 09:00:01.005,1.13701,1.13711,1.16,1.00
2017.08.28 09:00:01.518,1.13702,1.13711,1.24,1.00
2017.08.28 09:00:02.008,1.13702,1.13713,5.29,1.00
2017.08.28 09:00:02.518,1.13702,1.13713,5.10,1.00
2017.08.28 09:00:03.186,1.13702,1.13714,5.10,1.20
2017.08.28 09:00:03.444,1.13703,1.13714,1.73,1.10
2017.08.28 09:00:04.032,1.13703,1.13714,1.73,1.00
2017.08.28 09:00:04.549,1.13702,1.13714,5.10,1.00
2017.08.28 09:00:05.137,1.13702,1.13713,1.35,1.69
2017.08.28 09:00:05.342,1.13699,1.13711,2.25,1.10
2017.08.28 09:00:05.954,1.137,1.13711,1.13,1.20
2017.08.28 09:00:06.565,1.13699,1.13711,2.25,2.14
2017.08.28 09:00:06.874,1.137,1.1371,1.38,1.00
2017.08.28 09:00:07.384,1.137,1.13711,3.98,1.00
2017.08.28 09:00:07.926,1.137,1.13711,4.73,1.00
2017.08.28 09:00:08.453,1.13704,1.13714,1.00,2.70
2017.08.28 09:00:08.821,1.13701,1.13712,1.25,1.20
2017.08.28 09:00:11.172,1.13701,1.13712,1.69,1.20
2017.08.28 09:00:11.862,1.13701,1.13712,2.48,1.20
2017.08.28 09:00:12.372,1.13703,1.13715,1.00,1.76
2017.08.28 09:00:12.576,1.13704,1.13715,1.25,1.00
2017.08.28 09:00:13.083,1.13704,1.13716,3.04,1.00
2017.08.28 09:00:13.858,1.13704,1.13716,3.04,1.19
2017.08.28 09:00:14.369,1.13704,1.13716,3.23,1.00
2017.08.28 09:00:15.139,1.13704,1.13716,3.04,1.00
2017.08.28 09:00:16.129,1.13705,1.13716,1.00,1.00
2017.08.28 09:00:16.674,1.13705,1.13717,1.00,1.13
2017.08.28 09:00:17.744,1.13703,1.13716,1.00,1.39
2017.08.28 09:00:17.897,1.13701,1.13715,1.31,2.51
2017.08.28 09:00:18.407,1.13701,1.13715,1.12,3.26
2017.08.28 09:00:20.007,1.13702,1.13715,1.00,3.67
2017.08.28 09:00:28.154,1.13703,1.13715,1.00,1.70
2017.08.28 09:00:30.099,1.13702,1.13711,1.00,1.00
2017.08.28 09:00:30.150,1.13701,1.13715,2.06,4.95
2017.08.28 09:00:30.682,1.13702,1.13711,1.00,1.00
2017.08.28 09:00:30.989,1.137,1.13712,1.88,1.00
2017.08.28 09:00:32.182,1.13699,1.13712,4.69,1.20
2017.08.28 09:00:34.389,1.13699,1.13708,2.81,1.00
2017.08.28 09:00:36.931,1.13699,1.13712,1.50,1.69
2017.08.28 09:00:37.034,1.13701,1.13713,1.50,1.50
2017.08.28 09:00:40.580,1.13702,1.13715,1.00,2.81
2017.08.28 09:00:41.305,1.13701,1.13715,2.63,2.44
2017.08.28 09:00:41.950,1.13701,1.13715,2.63,2.44
2017.08.28 09:00:50.206,1.13702,1.13715,1.00,1.69
2017.08.28 09:00:57.885,1.13701,1.13713,1.00,1.25
2017.08.28 09:00:58.191,1.13699,1.13709,1.00,1.00
2017.08.28 09:01:04.382,1.13698,1.13709,1.87,1.00
2017.08.28 09:01:04.858,1.13698,1.13707,1.50,1.00
2017.08.28 09:01:27.846,1.13697,1.13707,1.00,1.12
2017.08.28 09:01:28.472,1.13698,1.13707,1.00,1.00
2017.08.28 09:01:29.104,1.13697,1.13708,1.69,1.00
2017.08.28 09:01:29.649,1.13698,1.13708,1.00,1.00
2017.08.28 09:01:31.048,1.13697,1.13708,1.50,1.00
2017.08.28 09:01:31.591,1.13698,1.13708,1.00,1.00
2017.08.28 09:01:32.474,1.13698,1.13709,1.69,1.00
2017.08.28 09:01:32.781,1.13698,1.13707,3.94,1.00
2017.08.28 09:01:33.475,1.13698,1.13707,4.13,1.00
2017.08.28 09:01:33.990,1.13698,1.13707,2.63,1.00
2017.08.28 09:01:34.498,1.13698,1.13708,2.44,1.00
2017.08.28 09:01:38.684,1.13698,1.13706,2.25,1.00
2017.08.28 09:01:39.449,1.13698,1.13706,3.38,1.00
2017.08.28 09:01:39.982,1.13698,1.13708,3.38,1.50
2017.08.28 09:01:43.229,1.13698,1.13707,3.38,1.12
2017.08.28 09:01:43.738,1.13698,1.13707,3.38,1.12
2017.08.28 09:01:45.959,1.13697,1.13707,2.25,1.12
2017.08.28 09:01:46.470,1.13698,1.13707,1.00,1.12
2017.08.28 09:01:51.906,1.13698,1.13708,1.00,4.12
2017.08.28 09:01:52.515,1.13698,1.13707,1.00,1.12
2017.08.28 09:01:53.379,1.13698,1.13706,1.00,1.00
2017.08.28 09:01:55.171,1.13698,1.13707,1.00,1.12
2017.08.28 09:01:56.336,1.13698,1.13706,1.00,1.00
2017.08.28 09:01:56.883,1.13698,1.13707,1.00,2.62
2017.08.28 09:01:57.861,1.13697,1.13706,1.00,1.00
2017.08.28 09:01:58.116,1.13694,1.13705,1.00,1.00
2017.08.28 09:01:58.218,1.13694,1.13706,3.37,1.12
2017.08.28 09:01:58.532,1.13698,1.13706,1.00,1.00
2017.08.28 09:01:59.081,1.13697,1.13706,1.00,1.50
2017.08.28 09:01:59.605,1.13698,1.13706,1.00,1.50
2017.08.28 09:02:01.196,1.13693,1.13705,2.62,1.50
2017.08.28 09:02:01.299,1.13696,1.13705,1.00,1.50
2017.08.28 09:02:01.962,1.13696,1.13706,1.00,1.50
2017.08.28 09:02:05.957,1.13698,1.13706,1.00,1.87
2017.08.28 09:02:06.479,1.13697,1.13706,1.00,1.87
2017.08.28 09:02:08.215,1.13698,1.13706,1.00,1.00
2017.08.28 09:02:09.184,1.13697,1.13706,1.00,1.50
2017.08.28 09:02:10.055,1.13697,1.13705,1.00,1.00
2017.08.28 09:02:10.310,1.13698,1.13707,1.00,3.00
2017.08.28 09:02:10.514,1.13696,1.13705,1.00,1.00
2017.08.28 09:02:11.051,1.13697,1.13706,1.50,1.00
2017.08.28 09:02:11.510,1.13699,1.13706,1.00,1.00
2017.08.28 09:02:12.029,1.13698,1.13706,2.25,1.00
2017.08.28 09:02:16.422,1.13698,1.13705,2.25,1.00
2017.08.28 09:02:17.984,1.13698,1.13706,2.25,1.87
2017.08.28 09:02:18.814,1.13698,1.13705,2.25,1.00
2017.08.28 09:02:18.967,1.13696,1.13705,4.12,1.00
2017.08.28 09:02:19.121,1.13695,1.13703,1.00,1.00
2017.08.28 09:02:19.325,1.13696,1.13706,1.00,1.50
2017.08.28 09:02:19.479,1.13695,1.13705,1.37,1.50
2017.08.28 09:02:19.988,1.13695,1.13704,1.37,1.50
2017.08.28 09:02:20.507,1.13695,1.13704,1.00,1.50
2017.08.28 09:02:21.038,1.13694,1.13704,1.31,2.25
2017.08.28 09:02:22.955,1.13694,1.13704,1.25,2.25
2017.08.28 09:02:24.565,1.13694,1.13704,1.25,1.87
2017.08.28 09:02:26.192,1.13694,1.13704,1.31,1.12
2017.08.28 09:02:26.702,1.13695,1.13705,1.25,1.87
2017.08.28 09:02:27.212,1.13695,1.13705,1.25,2.25
2017.08.28 09:02:29.065,1.13695,1.13705,1.00,1.50
2017.08.28 09:02:30.849,1.13695,1.13706,1.31,2.62
2017.08.28 09:02:34.414,1.13691,1.13701,1.12,1.00
2017.08.28 09:02:34.923,1.13692,1.137,1.00,1.00
2017.08.28 09:02:36.020,1.13689,1.137,1.50,1.50
2017.08.28 09:02:36.787,1.13689,1.13699,1.69,1.00
2017.08.28 09:02:36.838,1.13692,1.13699,1.00,1.00
2017.08.28 09:02:37.146,1.13693,1.13701,1.00,2.25
2017.08.28 09:02:39.929,1.13693,1.13702,1.00,1.00
2017.08.28 09:02:40.236,1.13693,1.13704,2.44,1.00
2017.08.28 09:02:40.854,1.13693,1.13704,2.44,1.00
2017.08.28 09:02:41.355,1.13693,1.13704,2.44,1.00
2017.08.28 09:02:41.407,1.13693,1.13702,2.44,1.00
2017.08.28 09:02:41.510,1.13692,1.13702,1.00,1.50
2017.08.28 09:02:41.613,1.1369,1.13699,2.62,1.00
2017.08.28 09:02:41.817,1.13691,1.13701,1.00,3.00
2017.08.28 09:02:44.001,1.13693,1.13701,1.00,1.00
2017.08.28 09:02:54.011,1.13692,1.13701,1.00,1.00
2017.08.28 09:02:54.716,1.1369,1.13701,1.00,2.62
2017.08.28 09:02:54.871,1.13692,1.13701,1.00,1.50
2017.08.28 09:02:59.287,1.13693,1.13701,1.00,1.00
2017.08.28 09:03:00.518,1.13693,1.13703,1.00,1.50
2017.08.28 09:03:11.510,1.13692,1.13703,1.69,1.00
2017.08.28 09:03:11.917,1.13694,1.13703,2.25,1.00
2017.08.28 09:03:12.173,1.13692,1.13702,2.44,2.02
2017.08.28 09:03:14.538,1.13694,1.13702,1.50,1.27
2017.08.28 09:03:18.453,1.13696,1.13704,1.00,1.37
2017.08.28 09:03:18.657,1.13697,1.13707,1.00,4.01
2017.08.28 09:03:19.202,1.13696,1.13707,1.00,4.61
2017.08.28 09:03:20.854,1.13696,1.13707,1.00,5.73
2017.08.28 09:03:23.275,1.13697,1.13707,1.00,4.23
2017.08.28 09:03:23.917,1.13697,1.13707,1.00,2.73
2017.08.28 09:03:24.340,1.13697,1.13707,1.00,1.98
2017.08.28 09:03:26.218,1.13698,1.13709,1.00,2.92
2017.08.28 09:03:26.320,1.13699,1.13709,1.00,1.12
2017.08.28 09:03:27.417,1.13699,1.13709,1.00,1.62
2017.08.28 09:03:29.321,1.13698,1.13709,1.00,1.50
2017.08.28 09:03:29.944,1.13698,1.13709,1.00,1.00
2017.08.28 09:03:30.455,1.13698,1.13709,1.00,1.69
2017.08.28 09:03:31.148,1.13701,1.1371,1.00,1.50
2017.08.28 09:03:32.158,1.137,1.1371,2.25,1.00
2017.08.28 09:03:33.288,1.13702,1.13711,1.00,1.00
2017.08.28 09:03:33.796,1.13701,1.1371,1.00,1.50
2017.08.28 09:03:34.341,1.137,1.1371,1.87,1.50
2017.08.28 09:03:36.053,1.13698,1.1371,1.12,1.69
2017.08.28 09:03:36.609,1.13698,1.13709,1.00,1.00
2017.08.28 09:03:43.591,1.13698,1.13707,1.50,1.00
2017.08.28 09:03:43.642,1.13694,1.13706,3.75,1.00
2017.08.28 09:03:44.182,1.13694,1.13705,1.50,1.00
2017.08.28 09:03:53.732,1.13694,1.13704,1.50,1.00
2017.08.28 09:03:53.950,1.13692,1.13702,1.00,1.00
2017.08.28 09:03:56.166,1.13692,1.13701,1.00,1.00
2017.08.28 09:03:57.683,1.13693,1.13701,1.00,1.00
2017.08.28 09:03:58.216,1.13693,1.13702,1.00,2.25
2017.08.28 09:03:59.135,1.13694,1.13704,1.00,1.50
2017.08.28 09:03:59.647,1.13695,1.13705,1.00,1.50
2017.08.28 09:04:01.611,1.13696,1.13705,1.00,1.50
2017.08.28 09:04:02.139,1.13695,1.13705,1.00,1.50
2017.08.28 09:04:04.723,1.13695,1.13704,1.00,1.00
2017.08.28 09:04:06.225,1.13695,1.13705,1.00,1.00
2017.08.28 09:04:08.053,1.13694,1.13704,2.44,1.00
2017.08.28 09:04:08.637,1.13694,1.13703,1.00,1.00
2017.08.28 09:04:09.169,1.13694,1.13704,1.00,1.50
2017.08.28 09:04:11.772,1.13694,1.13705,1.50,2.62
2017.08.28 09:04:12.761,1.13695,1.13705,1.00,1.87
2017.08.28 09:04:13.802,1.13694,1.13705,1.00,2.62
2017.08.28 09:04:15.157,1.13694,1.13705,1.00,2.81
2017.08.28 09:04:17.800,1.13694,1.13705,1.00,3.56
2017.08.28 09:04:18.320,1.13693,1.13704,1.00,1.25
2017.08.28 09:04:18.831,1.13694,1.13704,1.00,1.25
2017.08.28 09:04:25.165,1.13692,1.13703,1.00,1.12
2017.08.28 09:04:25.699,1.13692,1.13702,1.00,1.25
2017.08.28 09:04:26.214,1.13691,1.13702,1.00,2.44
2017.08.28 09:04:28.539,1.13692,1.13702,1.00,1.69
2017.08.28 09:04:28.642,1.13695,1.13704,1.50,4.95
2017.08.28 09:04:28.796,1.13697,1.13708,1.87,1.20
2017.08.28 09:04:29.320,1.13697,1.13708,3.94,1.00
2017.08.28 09:04:29.886,1.13698,1.13709,1.00,1.25
2017.08.28 09:04:30.138,1.137,1.13709,2.25,1.00
2017.08.28 09:04:30.881,1.137,1.13711,2.25,3.56
2017.08.28 09:04:31.404,1.137,1.13711,3.19,1.00
2017.08.28 09:04:34.292,1.13701,1.13712,1.00,1.87
2017.08.28 09:04:36.064,1.13701,1.13709,1.00,1.00
2017.08.28 09:04:38.502,1.13701,1.1371,1.00,1.00
2017.08.28 09:04:43.821,1.13701,1.13712,1.00,1.12
2017.08.28 09:04:44.811,1.13704,1.13714,1.50,1.12
2017.08.28 09:04:44.981,1.13702,1.13714,3.19,1.00
2017.08.28 09:04:45.237,1.13704,1.13715,1.00,1.12
2017.08.28 09:04:46.270,1.13705,1.13715,1.00,1.00
2017.08.28 09:04:52.053,1.13707,1.13717,1.00,1.87
2017.08.28 09:04:52.335,1.13707,1.13719,3.00,3.19
2017.08.28 09:04:52.844,1.13708,1.13719,1.00,2.44
2017.08.28 09:04:53.373,1.13708,1.13718,1.00,1.00
2017.08.28 09:04:53.876,1.13708,1.13719,1.00,2.06
2017.08.28 09:04:54.701,1.13708,1.13718,1.00,1.00
2017.08.28 09:04:55.217,1.13707,1.13717,1.50,1.00
2017.08.28 09:04:55.575,1.13705,1.13716,3.00,1.50
2017.08.28 09:04:56.948,1.13706,1.13716,1.00,1.00
2017.08.28 09:04:57.000,1.13708,1.13717,1.50,3.37
2017.08.28 09:04:57.198,1.13706,1.13717,3.00,2.62
2017.08.28 09:04:57.944,1.13706,1.13718,3.00,2.81
2017.08.28 09:05:00.148,1.13706,1.13718,3.00,3.56
2017.08.28 09:05:00.652,1.13706,1.13718,3.00,2.62
2017.08.28 09:05:01.216,1.13706,1.13717,3.00,1.00
2017.08.28 09:05:01.939,1.13706,1.13718,3.00,4.50
2017.08.28 09:05:02.453,1.13706,1.13717,3.00,1.00
2017.08.28 09:05:05.038,1.13706,1.13716,2.25,1.00
2017.08.28 09:05:08.442,1.13706,1.13715,2.25,1.00
2017.08.28 09:05:08.597,1.13704,1.13714,1.50,1.69
2017.08.28 09:05:09.084,1.13704,1.13712,1.50,1.00
2017.08.28 09:05:09.390,1.13702,1.13712,2.63,1.00
2017.08.28 09:05:12.807,1.13702,1.13711,2.25,1.00
2017.08.28 09:05:13.316,1.13702,1.13712,2.63,1.00
2017.08.28 09:05:13.942,1.13704,1.13713,2.44,1.00
2017.08.28 09:05:14.200,1.13706,1.13715,1.69,1.00
2017.08.28 09:05:14.772,1.13706,1.13716,1.88,1.00
2017.08.28 09:05:15.361,1.13706,1.13716,1.88,1.00
2017.08.28 09:05:15.871,1.13708,1.13716,3.19,1.00
2017.08.28 09:05:16.077,1.13712,1.13718,1.00,1.00
2017.08.28 09:05:16.302,1.13712,1.1372,1.50,1.00
2017.08.28 09:05:18.672,1.13712,1.13721,1.50,1.00
2017.08.28 09:05:18.724,1.13715,1.13721,1.50,1.00
2017.08.28 09:05:18.827,1.13713,1.13721,1.50,1.00
2017.08.28 09:05:19.345,1.13713,1.13722,1.50,1.00
2017.08.28 09:05:19.601,1.1371,1.13722,3.37,2.25
2017.08.28 09:05:20.110,1.1371,1.13721,3.19,1.00
2017.08.28 09:05:20.619,1.1371,1.1372,2.44,1.50
2017.08.28 09:05:21.195,1.13712,1.1372,1.50,1.50
2017.08.28 09:05:21.984,1.13712,1.13721,1.50,1.00
2017.08.28 09:05:22.293,1.13714,1.13722,1.50,1.00
2017.08.28 09:05:22.664,1.13712,1.13722,2.25,1.25
2017.08.28 09:05:23.289,1.13714,1.13723,1.50,1.69
2017.08.28 09:05:23.799,1.13714,1.13723,1.50,1.50
2017.08.28 09:05:24.498,1.13714,1.13724,1.50,1.69
2017.08.28 09:05:25.284,1.13714,1.13723,1.50,1.00
2017.08.28 09:05:25.634,1.13714,1.13725,1.50,2.44
2017.08.28 09:05:28.236,1.13714,1.13724,1.50,1.00
2017.08.28 09:05:29.577,1.13717,1.13726,1.50,2.81
2017.08.28 09:05:29.885,1.13722,1.13729,2.25,1.00
2017.08.28 09:05:30.678,1.13722,1.1373,2.25,1.00
2017.08.28 09:05:30.882,1.13726,1.13736,1.50,1.00
2017.08.28 09:05:31.830,1.13725,1.13736,1.25,1.00
2017.08.28 09:05:32.036,1.13726,1.13737,1.69,1.00
2017.08.28 09:05:32.548,1.13726,1.13737,3.00,1.00
2017.08.28 09:05:33.054,1.13726,1.13738,3.94,1.00
2017.08.28 09:05:33.563,1.13728,1.13738,1.50,1.00
2017.08.28 09:05:37.280,1.13728,1.13737,1.50,1.00
2017.08.28 09:05:38.814,1.13726,1.13737,3.00,1.00
2017.08.28 09:05:41.412,1.13726,1.13736,2.25,1.00
2017.08.28 09:05:41.598,1.13724,1.13732,1.50,1.00
2017.08.28 09:05:41.752,1.13722,1.13732,2.25,1.00
2017.08.28 09:05:42.263,1.13722,1.13731,2.25,1.00
2017.08.28 09:05:44.302,1.13722,1.13732,2.25,1.00
2017.08.28 09:05:44.939,1.13722,1.13733,2.25,1.50
2017.08.28 09:05:46.142,1.13723,1.13734,1.00,1.87
2017.08.28 09:05:46.671,1.13724,1.13734,1.50,2.62
2017.08.28 09:05:49.585,1.13724,1.13732,1.50,1.00
2017.08.28 09:05:56.519,1.13724,1.13731,1.50,1.00
2017.08.28 09:05:59.619,1.13724,1.13732,1.50,1.00
2017.08.28 09:06:00.079,1.13724,1.13735,1.50,1.00
2017.08.28 09:06:00.181,1.13726,1.13736,2.25,1.00
2017.08.28 09:06:00.334,1.13724,1.13736,2.25,1.50
2017.08.28 09:06:00.483,1.13724,1.13734,1.50,1.00
2017.08.28 09:06:00.994,1.13725,1.13734,1.00,1.00
2017.08.28 09:06:01.249,1.13723,1.13734,1.12,1.00
2017.08.28 09:06:02.963,1.13724,1.13735,1.50,1.00
2017.08.28 09:06:03.437,1.13727,1.13736,1.00,1.50
2017.08.28 09:06:03.851,1.13721,1.13731,1.37,1.00
2017.08.28 09:06:04.057,1.13717,1.13727,1.00,1.00
2017.08.28 09:06:04.364,1.13718,1.1373,1.25,2.32
2017.08.28 09:06:04.568,1.1372,1.13731,1.00,1.00
2017.08.28 09:06:05.079,1.13721,1.13732,1.00,1.12
2017.08.28 09:06:06.609,1.13722,1.13732,1.00,1.25
2017.08.28 09:06:06.916,1.13724,1.13734,1.00,2.25
2017.08.28 09:06:07.427,1.13724,1.13734,1.00,2.06
2017.08.28 09:06:07.929,1.13724,1.13734,1.00,1.69
2017.08.28 09:06:08.491,1.13723,1.13734,1.00,1.88
2017.08.28 09:06:08.595,1.13721,1.13732,1.69,1.00
2017.08.28 09:06:13.719,1.13721,1.13731,1.69,1.00
2017.08.28 09:06:14.229,1.13721,1.13732,1.00,1.00
2017.08.28 09:06:14.770,1.13721,1.13733,2.44,1.50
2017.08.28 09:06:16.335,1.13721,1.13732,2.44,1.00
2017.08.28 09:06:18.856,1.13721,1.13733,2.44,2.62
2017.08.28 09:06:19.773,1.13721,1.13732,2.44,1.00
2017.08.28 09:06:20.321,1.13719,1.13731,2.63,1.00
2017.08.28 09:06:20.577,1.13721,1.13732,1.00,1.00
2017.08.28 09:06:21.089,1.13722,1.13734,2.44,1.50
2017.08.28 09:06:21.646,1.13722,1.13733,1.69,1.00
2017.08.28 09:06:22.841,1.13722,1.13732,1.50,1.00
2017.08.28 09:06:24.144,1.13722,1.13732,1.50,1.37
2017.08.28 09:06:26.817,1.13722,1.13733,1.50,2.44
2017.08.28 09:06:28.651,1.13722,1.13733,1.50,1.12
2017.08.28 09:06:29.525,1.13722,1.13734,2.25,2.81
2017.08.28 09:06:30.724,1.13722,1.13732,1.50,2.25
2017.08.28 09:06:31.031,1.13718,1.13727,2.25,1.00
2017.08.28 09:06:32.658,1.13716,1.13726,2.25,1.00
2017.08.28 09:06:32.763,1.13713,1.13725,4.12,1.00
2017.08.28 09:06:33.275,1.13715,1.13726,1.50,1.00
2017.08.28 09:06:33.815,1.13715,1.13726,1.88,1.00
2017.08.28 09:06:34.428,1.13715,1.13726,1.69,1.00
2017.08.28 09:06:35.028,1.13715,1.13726,1.88,1.00
2017.08.28 09:06:35.893,1.13715,1.13726,1.69,1.00
2017.08.28 09:06:36.408,1.13715,1.13726,1.88,1.00
2017.08.28 09:06:36.956,1.13715,1.13726,1.88,1.00
2017.08.28 09:06:37.524,1.13715,1.13726,1.88,1.00
2017.08.28 09:06:38.074,1.13715,1.13726,1.88,1.00
2017.08.28 09:06:38.125,1.13719,1.13729,1.00,1.87
2017.08.28 09:06:38.663,1.13719,1.13729,1.00,1.69
2017.08.28 09:06:39.171,1.13719,1.13729,1.00,1.69
2017.08.28 09:06:39.906,1.1372,1.13729,1.00,1.00
2017.08.28 09:06:40.218,1.13723,1.13732,1.00,1.00
2017.08.28 09:06:40.737,1.13723,1.13733,1.00,1.00
2017.08.28 09:06:41.587,1.13724,1.13734,1.00,1.25
2017.08.28 09:06:42.110,1.13721,1.13732,1.50,2.81
2017.08.28 09:06:42.162,1.13719,1.1373,1.87,1.25
2017.08.28 09:06:42.367,1.13719,1.13729,1.00,1.19
2017.08.28 09:06:42.521,1.13717,1.13729,2.25,1.69
2017.08.28 09:06:42.777,1.13718,1.13731,2.63,1.87
2017.08.28 09:06:42.931,1.13716,1.13728,1.87,1.00
2017.08.28 09:06:43.175,1.13715,1.13726,1.87,1.00
2017.08.28 09:06:43.483,1.13719,1.13729,2.63,1.00
2017.08.28 09:06:43.993,1.13719,1.13728,1.50,1.00
2017.08.28 09:06:44.534,1.13719,1.13728,1.88,1.00
2017.08.28 09:06:45.094,1.13719,1.13729,2.63,1.00
2017.08.28 09:06:45.603,1.1372,1.13729,1.44,1.00
2017.08.28 09:06:46.115,1.13719,1.13729,2.44,1.00
2017.08.28 09:06:47.207,1.13719,1.13728,2.63,1.00
2017.08.28 09:06:47.717,1.13717,1.13728,4.50,1.00
2017.08.28 09:06:48.323,1.13717,1.13728,3.00,1.00
2017.08.28 09:06:48.834,1.13719,1.13728,1.50,1.00
2017.08.28 09:06:57.459,1.13719,1.13729,1.69,1.00
2017.08.28 09:06:57.664,1.13717,1.13728,2.44,1.00
2017.08.28 09:06:58.173,1.13717,1.13727,2.44,1.00
2017.08.28 09:07:03.945,1.13715,1.13727,3.37,1.00
2017.08.28 09:07:04.541,1.13715,1.13727,3.75,1.00
2017.08.28 09:07:05.124,1.13715,1.13727,3.56,1.00
2017.08.28 09:07:05.670,1.13715,1.13727,1.50,1.00
2017.08.28 09:07:06.786,1.13715,1.13727,1.88,1.12
2017.08.28 09:07:07.041,1.13715,1.13725,1.88,1.00
2017.08.28 09:07:07.709,1.13713,1.13725,3.00,1.00
2017.08.28 09:07:08.258,1.13713,1.13724,2.25,1.00
2017.08.28 09:07:08.818,1.13711,1.13723,2.06,1.00
2017.08.28 09:07:09.240,1.13709,1.1372,3.38,1.00
2017.08.28 09:07:10.000,1.13709,1.13721,2.63,1.00
2017.08.28 09:07:12.454,1.13709,1.13721,2.06,1.00
2017.08.28 09:07:13.064,1.13709,1.13721,2.25,1.00
2017.08.28 09:07:13.594,1.13709,1.1372,2.06,1.00
2017.08.28 09:07:14.155,1.13709,1.1372,2.25,1.00
2017.08.28 09:07:14.207,1.13709,1.13719,1.88,1.00
2017.08.28 09:07:14.813,1.13709,1.1372,1.88,1.00
2017.08.28 09:07:15.476,1.13712,1.13722,1.00,1.25
2017.08.28 09:07:18.611,1.13712,1.13723,1.00,3.23
2017.08.28 09:07:19.120,1.13712,1.13722,1.00,1.25
2017.08.28 09:07:19.645,1.13712,1.13723,1.00,3.04
2017.08.28 09:07:22.416,1.13713,1.13723,1.00,1.00
2017.08.28 09:07:25.287,1.13713,1.13722,1.00,1.00
2017.08.28 09:07:25.996,1.13713,1.13722,1.00,1.44
2017.08.28 09:07:26.505,1.13713,1.13722,1.00,1.25
2017.08.28 09:07:27.077,1.13711,1.13721,1.00,1.88
2017.08.28 09:07:32.424,1.1371,1.13721,1.00,1.50
2017.08.28 09:07:32.476,1.13712,1.13722,1.00,2.44
2017.08.28 09:07:32.986,1.13714,1.13722,1.00,1.00
2017.08.28 09:07:33.564,1.13714,1.13723,1.00,2.29
2017.08.28 09:07:35.298,1.13713,1.13723,1.00,1.31
2017.08.28 09:07:36.030,1.13714,1.13724,1.00,1.12
2017.08.28 09:07:37.052,1.13714,1.13725,1.00,2.44
2017.08.28 09:07:37.615,1.13714,1.13725,1.00,2.44
2017.08.28 09:07:38.144,1.13715,1.13724,1.00,1.00
2017.08.28 09:07:39.064,1.13715,1.13724,1.00,1.69
2017.08.28 09:07:39.674,1.13715,1.13724,1.00,1.12
2017.08.28 09:07:41.283,1.13716,1.13724,1.00,1.00
2017.08.28 09:07:41.718,1.13715,1.13726,1.00,1.50
2017.08.28 09:07:42.229,1.13715,1.13725,1.00,1.25
2017.08.28 09:07:43.453,1.13715,1.13726,1.00,1.50
2017.08.28 09:07:45.508,1.13715,1.13725,1.00,1.00
2017.08.28 09:07:48.442,1.13715,1.13726,1.00,1.12
2017.08.28 09:07:49.155,1.13717,1.13727,1.00,1.31
2017.08.28 09:07:49.463,1.13719,1.13729,1.00,2.25
2017.08.28 09:07:49.973,1.13719,1.13728,1.00,1.25
2017.08.28 09:07:52.962,1.13718,1.13728,1.00,1.25
2017.08.28 09:07:55.524,1.13718,1.13727,1.00,1.00
2017.08.28 09:07:56.186,1.13718,1.13728,1.00,1.25
2017.08.28 09:07:56.700,1.13718,1.13728,1.00,1.54
2017.08.28 09:07:58.611,1.13718,1.13728,1.00,1.16
2017.08.28 09:07:59.181,1.13718,1.13727,1.00,1.25
2017.08.28 09:08:01.374,1.13718,1.13728,1.69,1.12
2017.08.28 09:08:01.740,1.13721,1.1373,1.50,1.00
2017.08.28 09:08:02.252,1.13721,1.1373,1.50,1.88
2017.08.28 09:08:02.763,1.13721,1.1373,1.50,1.88
2017.08.28 09:08:03.627,1.13721,1.13729,1.50,1.25
2017.08.28 09:08:03.679,1.13719,1.13729,1.50,1.25
2017.08.28 09:08:04.948,1.13719,1.13728,1.00,1.13
2017.08.28 09:08:05.559,1.13719,1.1373,1.00,2.66
2017.08.28 09:08:06.222,1.13719,1.1373,1.00,2.06
2017.08.28 09:08:06.502,1.13718,1.13729,1.00,1.88
2017.08.28 09:08:07.762,1.13719,1.13729,1.00,1.19
2017.08.28 09:08:11.424,1.13719,1.13729,1.00,1.13
2017.08.28 09:08:11.939,1.13719,1.13728,1.00,1.25
2017.08.28 09:08:12.991,1.13718,1.13728,1.00,1.13
2017.08.28 09:08:13.299,1.13714,1.13724,1.00,1.19
2017.08.28 09:08:13.819,1.13714,1.13724,1.00,1.00
2017.08.28 09:08:14.354,1.13714,1.13723,1.00,1.00
2017.08.28 09:08:18.917,1.13713,1.13723,2.25,1.00
2017.08.28 09:08:19.222,1.13711,1.13721,1.00,1.00
2017.08.28 09:08:19.324,1.13712,1.13723,1.00,1.00
2017.08.28 09:08:20.523,1.13712,1.13723,1.00,1.44
2017.08.28 09:08:21.032,1.13712,1.13723,1.00,1.00
2017.08.28 09:08:25.933,1.13712,1.13722,1.00,1.00
2017.08.28 09:08:26.457,1.13712,1.13722,1.00,1.62
2017.08.28 09:08:29.234,1.1371,1.13719,1.00,1.50
2017.08.28 09:08:29.286,1.13708,1.13718,1.12,1.00
2017.08.28 09:08:29.388,1.13709,1.13721,1.12,2.44
2017.08.28 09:08:29.936,1.1371,1.1372,1.00,1.31
2017.08.28 09:08:30.999,1.13709,1.1372,1.00,2.85
2017.08.28 09:08:31.503,1.13708,1.13719,1.00,1.69
2017.08.28 09:08:34.975,1.13708,1.13719,1.37,1.00
2017.08.28 09:08:35.487,1.13708,1.13719,1.12,1.00
2017.08.28 09:08:35.792,1.1371,1.1372,1.00,1.00
2017.08.28 09:08:37.081,1.13711,1.1372,1.00,1.00
2017.08.28 09:08:37.592,1.13711,1.13721,1.00,1.50
2017.08.28 09:08:38.098,1.13711,1.1372,1.00,1.00
2017.08.28 09:08:40.799,1.13711,1.13719,1.00,1.00
2017.08.28 09:08:40.851,1.13711,1.13722,1.00,2.47
2017.08.28 09:08:41.055,1.13711,1.1372,1.00,1.44
2017.08.28 09:08:41.106,1.13711,1.13721,1.00,1.35
2017.08.28 09:08:49.654,1.13711,1.13721,1.00,1.50
2017.08.28 09:08:50.225,1.13711,1.13721,1.00,1.50
2017.08.28 09:08:52.320,1.13711,1.13721,1.00,1.50
2017.08.28 09:08:52.823,1.13711,1.13721,1.00,1.31
2017.08.28 09:09:05.768,1.13711,1.13721,1.00,2.25
2017.08.28 09:09:06.298,1.13711,1.13721,1.00,2.06
2017.08.28 09:09:07.256,1.13711,1.13721,1.00,1.88
2017.08.28 09:09:07.763,1.13711,1.13721,1.00,1.69
2017.08.28 09:09:08.303,1.13711,1.13721,1.00,1.88
2017.08.28 09:09:08.869,1.13711,1.13721,1.00,1.88
2017.08.28 09:09:09.430,1.13711,1.13721,1.00,1.88
2017.08.28 09:09:12.469,1.13711,1.1372,1.00,1.44
2017.08.28 09:09:12.981,1.13711,1.1372,1.00,1.31
2017.08.28 09:09:33.323,1.13711,1.13721,1.00,1.69
2017.08.28 09:09:33.984,1.13711,1.13723,1.00,1.50
2017.08.28 09:09:34.137,1.13711,1.13721,1.00,1.00
2017.08.28 09:09:34.667,1.13712,1.13721,1.00,1.25
2017.08.28 09:09:35.178,1.13712,1.13722,1.00,1.00
2017.08.28 09:09:36.281,1.13712,1.13721,1.00,1.25
2017.08.28 09:09:40.986,1.13712,1.13722,1.00,1.13
2017.08.28 09:09:41.577,1.13712,1.13722,1.00,1.44
2017.08.28 09:09:42.086,1.13711,1.13721,1.00,1.25
2017.08.28 09:09:42.602,1.13711,1.1372,1.00,1.50
2017.08.28 09:09:43.861,1.13709,1.1372,1.12,1.69
2017.08.28 09:09:44.755,1.1371,1.1372,1.00,1.69
2017.08.28 09:09:45.267,1.13711,1.13721,1.00,1.25
2017.08.28 09:09:53.422,1.13712,1.13721,1.00,1.25
2017.08.28 09:09:53.577,1.13712,1.13724,1.00,1.87
2017.08.28 09:09:54.094,1.13713,1.13722,1.00,1.00
2017.08.28 09:09:55.347,1.13713,1.13723,1.00,1.00
2017.08.28 09:09:55.857,1.13713,1.13722,1.00,1.00
2017.08.28 09:09:58.685,1.13713,1.13723,1.00,1.00
2017.08.28 09:09:59.194,1.13713,1.13724,1.00,2.06
2017.08.28 09:09:59.714,1.13714,1.13723,1.00,1.00
2017.08.28 09:10:08.939,1.13714,1.13724,1.00,1.50
2017.08.28 09:10:11.825,1.13714,1.13723,1.00,1.00
2017.08.28 09:10:16.789,1.13714,1.13724,1.00,1.00
2017.08.28 09:10:17.311,1.13714,1.13723,1.00,1.00
2017.08.28 09:10:17.851,1.13714,1.13724,1.00,1.13
2017.08.28 09:10:18.004,1.13714,1.13722,1.00,1.00
2017.08.28 09:10:23.444,1.13714,1.13724,1.00,1.50
2017.08.28 09:10:25.298,1.13714,1.13725,1.00,1.31
2017.08.28 09:10:25.812,1.13715,1.13725,1.00,1.25
2017.08.28 09:10:29.804,1.13715,1.13724,1.00,1.00
2017.08.28 09:10:32.164,1.13714,1.13724,2.25,1.00
2017.08.28 09:10:33.359,1.13714,1.13723,2.25,1.00
2017.08.28 09:10:39.608,1.13716,1.13724,1.00,1.00
2017.08.28 09:10:39.710,1.13714,1.13725,1.00,1.50
2017.08.28 09:10:40.228,1.13714,1.13724,1.00,1.00
2017.08.28 09:10:40.759,1.13714,1.13723,1.00,1.00
2017.08.28 09:10:43.450,1.13712,1.13723,1.00,1.69
2017.08.28 09:10:43.604,1.13712,1.13721,1.00,1.00
2017.08.28 09:10:49.302,1.13713,1.13721,1.00,1.25
2017.08.28 09:10:49.353,1.13713,1.13724,1.00,1.50
2017.08.28 09:10:50.587,1.13714,1.13724,1.00,1.50
2017.08.28 09:10:51.094,1.13714,1.13725,1.00,1.31
2017.08.28 09:11:16.266,1.13715,1.13726,1.00,1.31
2017.08.28 09:11:16.368,1.13716,1.13728,1.00,2.44
2017.08.28 09:11:16.523,1.13716,1.13726,1.00,1.00
2017.08.28 09:11:17.002,1.13717,1.13729,1.00,1.37
2017.08.28 09:11:17.583,1.13717,1.13727,1.00,1.00
2017.08.28 09:11:18.119,1.13718,1.13728,1.00,1.31
2017.08.28 09:11:18.222,1.13719,1.13731,1.00,1.10
2017.08.28 09:11:18.274,1.13721,1.13732,1.00,1.20
2017.08.28 09:11:18.379,1.13722,1.13734,1.00,1.47
2017.08.28 09:11:18.482,1.13723,1.13731,1.00,1.00
2017.08.28 09:11:19.565,1.13723,1.13732,1.00,1.00
2017.08.28 09:11:27.368,1.13722,1.13733,1.00,1.12
2017.08.28 09:11:28.719,1.13722,1.13732,2.25,1.00
2017.08.28 09:11:29.256,1.13722,1.13733,2.25,1.12
2017.08.28 09:11:36.498,1.13722,1.13731,1.00,1.00
2017.08.28 09:11:36.702,1.1372,1.1373,1.00,1.00
2017.08.28 09:11:39.706,1.13721,1.1373,1.00,1.00
2017.08.28 09:11:40.451,1.1372,1.1373,1.00,1.00
2017.08.28 09:11:41.221,1.13722,1.1373,1.00,1.00
2017.08.28 09:11:41.273,1.13722,1.13732,1.00,1.12
2017.08.28 09:11:41.985,1.13722,1.13735,1.00,2.44
2017.08.28 09:11:42.037,1.13724,1.13735,1.50,1.12
2017.08.28 09:11:42.512,1.13727,1.13736,1.50,1.50
2017.08.28 09:11:42.563,1.13725,1.13736,2.25,1.62
2017.08.28 09:11:43.069,1.13725,1.13737,2.25,1.37
2017.08.28 09:11:43.811,1.13726,1.13737,1.00,1.37
2017.08.28 09:11:46.540,1.13727,1.13737,1.00,1.37
2017.08.28 09:11:46.592,1.1373,1.1374,2.62,1.37
2017.08.28 09:11:46.644,1.13732,1.13743,1.00,1.00
2017.08.28 09:11:50.862,1.13732,1.13744,1.50,3.00
2017.08.28 09:11:50.965,1.13732,1.13744,2.25,1.31
2017.08.28 09:11:54.894,1.13738,1.13747,1.50,1.37
2017.08.28 09:11:55.048,1.13738,1.13749,1.37,1.00
2017.08.28 09:11:55.558,1.13738,1.1375,2.25,1.56
2017.08.28 09:11:58.767,1.13739,1.1375,1.00,1.62
2017.08.28 09:11:59.279,1.13738,1.13749,1.00,1.12
2017.08.28 09:12:02.153,1.13739,1.13751,1.50,2.81
2017.08.28 09:12:02.256,1.13741,1.13752,1.50,1.87
2017.08.28 09:12:02.766,1.13741,1.13754,2.25,2.06
2017.08.28 09:12:03.073,1.13743,1.13754,1.50,1.50
2017.08.28 09:12:03.579,1.13742,1.13752,1.00,1.50
2017.08.28 09:12:04.206,1.13742,1.13751,1.00,1.00
2017.08.28 09:12:05.416,1.13742,1.13754,1.50,1.50
2017.08.28 09:12:05.521,1.13744,1.13756,1.00,1.87
2017.08.28 09:12:06.042,1.13745,1.13755,2.25,1.00
2017.08.28 09:12:07.083,1.13745,1.13754,1.50,1.00
2017.08.28 09:12:07.238,1.13743,1.13753,2.25,1.00
2017.08.28 09:12:07.612,1.13741,1.13751,1.00,1.00
2017.08.28 09:12:08.123,1.13741,1.1375,1.00,1.00
2017.08.28 09:12:11.496,1.13741,1.1375,1.00,1.44
2017.08.28 09:12:12.005,1.13741,1.1375,1.00,1.00
2017.08.28 09:12:14.671,1.13741,1.13749,1.00,1.00
2017.08.28 09:12:15.180,1.1374,1.13749,1.00,1.00
2017.08.28 09:12:22.299,1.13739,1.13749,1.00,1.00
2017.08.28 09:12:22.402,1.13737,1.13748,1.00,2.06
2017.08.28 09:12:22.453,1.13736,1.13745,1.00,1.00
2017.08.28 09:12:22.967,1.13737,1.13746,1.00,1.00
2017.08.28 09:12:25.684,1.13737,1.13747,1.00,1.25
2017.08.28 09:12:28.117,1.13738,1.13748,1.00,1.00
2017.08.28 09:12:28.270,1.13739,1.1375,1.00,1.25
2017.08.28 09:12:28.822,1.13739,1.13749,1.00,1.00
2017.08.28 09:12:31.949,1.13739,1.13748,1.00,1.00
2017.08.28 09:12:33.401,1.13739,1.13749,1.00,1.00
2017.08.28 09:12:35.991,1.13738,1.13749,1.00,1.50
2017.08.28 09:12:36.614,1.13738,1.13749,1.00,2.29
2017.08.28 09:12:37.180,1.13738,1.13749,1.00,2.29
2017.08.28 09:12:37.730,1.13738,1.13749,1.00,2.29
2017.08.28 09:12:38.285,1.13738,1.13749,1.00,2.29
2017.08.28 09:12:38.929,1.13738,1.13749,1.00,2.29
2017.08.28 09:12:39.440,1.13738,1.13749,1.00,2.29
2017.08.28 09:12:39.945,1.13738,1.13749,1.00,2.29
2017.08.28 09:12:40.537,1.13738,1.13749,1.00,2.29
2017.08.28 09:12:41.562,1.13738,1.13748,1.00,1.25
2017.08.28 09:12:43.350,1.13738,1.13749,1.00,1.30
2017.08.28 09:12:47.535,1.13738,1.13748,1.00,1.00
2017.08.28 09:12:48.524,1.13738,1.13749,1.00,2.06
2017.08.28 09:12:49.207,1.13738,1.13748,1.00,1.00
2017.08.28 09:12:49.563,1.13735,1.13748,1.00,1.91
2017.08.28 09:12:49.708,1.13734,1.13746,1.00,1.12
2017.08.28 09:12:50.218,1.13734,1.13745,1.00,1.54
2017.08.28 09:12:50.760,1.13734,1.13745,1.00,1.54
2017.08.28 09:12:51.338,1.13733,1.13745,1.00,2.29
2017.08.28 09:12:51.936,1.13733,1.13745,1.00,2.29
2017.08.28 09:12:52.499,1.13733,1.13745,1.00,3.04
2017.08.28 09:12:53.044,1.13733,1.13745,1.00,2.85
2017.08.28 09:13:00.243,1.13732,1.13744,1.00,2.10
2017.08.28 09:13:00.568,1.1373,1.1374,1.00,1.05
2017.08.28 09:13:01.537,1.13729,1.13741,1.00,1.54
2017.08.28 09:13:02.055,1.13729,1.1374,1.00,2.29
2017.08.28 09:13:02.596,1.13728,1.13739,1.00,1.30
2017.08.28 09:13:02.903,1.13726,1.13737,1.00,1.16
2017.08.28 09:13:03.448,1.13727,1.13738,1.00,1.91
2017.08.28 09:13:05.906,1.13728,1.13738,1.00,1.16
2017.08.28 09:13:08.891,1.13727,1.13739,1.00,3.00
2017.08.28 09:13:09.419,1.13726,1.13738,1.00,2.25
2017.08.28 09:13:10.008,1.13726,1.13738,1.00,3.75
2017.08.28 09:13:10.906,1.13726,1.13738,1.00,3.75
2017.08.28 09:13:11.528,1.13726,1.13738,1.00,3.75
2017.08.28 09:13:12.157,1.13727,1.13738,1.00,3.56
2017.08.28 09:13:13.876,1.13727,1.13737,1.00,1.12
2017.08.28 09:13:15.236,1.13727,1.13737,1.00,1.31
2017.08.28 09:13:15.830,1.13727,1.13737,1.00,1.31
2017.08.28 09:13:16.333,1.13726,1.13737,1.00,2.25
2017.08.28 09:13:16.640,1.13725,1.13736,1.00,3.04
2017.08.28 09:13:17.381,1.13725,1.13735,1.00,1.05
2017.08.28 09:13:17.890,1.13725,1.13736,1.00,3.04
2017.08.28 09:13:20.635,1.13725,1.13736,1.00,1.30
2017.08.28 09:13:21.612,1.13725,1.13736,1.00,2.66
2017.08.28 09:13:22.140,1.13725,1.13737,1.00,2.06
2017.08.28 09:13:27.090,1.13726,1.13737,1.00,1.87
2017.08.28 09:13:30.441,1.13727,1.13737,1.00,1.44
2017.08.28 09:13:30.543,1.1373,1.13741,1.00,1.12
2017.08.28 09:13:30.646,1.13731,1.13741,1.00,1.00
2017.08.28 09:13:31.356,1.13731,1.13742,1.00,2.10
2017.08.28 09:13:31.866,1.13731,1.13742,1.00,1.91
2017.08.28 09:13:34.682,1.13731,1.13742,1.00,1.16
2017.08.28 09:13:35.240,1.13732,1.13742,1.00,1.30
2017.08.28 09:13:35.750,1.13733,1.13744,1.00,2.06
2017.08.28 09:13:38.833,1.13733,1.13744,1.00,1.16
2017.08.28 09:13:58.996,1.13733,1.13744,1.00,1.31
2017.08.28 09:13:59.509,1.13734,1.13744,1.00,1.25
2017.08.28 09:13:59.795,1.13736,1.13747,1.00,1.30
2017.08.28 09:14:00.343,1.13737,1.13746,1.00,1.00
2017.08.28 09:14:00.947,1.13736,1.13747,1.00,1.87
2017.08.28 09:14:01.456,1.13737,1.13746,1.00,1.00
2017.08.28 09:14:02.019,1.13737,1.13747,1.00,2.06
2017.08.28 09:14:02.524,1.13736,1.13747,1.00,1.12
2017.08.28 09:14:04.667,1.13736,1.13746,1.00,1.00
2017.08.28 09:14:08.803,1.13736,1.13748,1.00,1.91
2017.08.28 09:14:09.338,1.13737,1.13748,1.00,1.56
2017.08.28 09:14:19.129,1.13737,1.13749,1.00,1.37
2017.08.28 09:14:19.461,1.13739,1.1375,1.00,2.10
2017.08.28 09:14:20.073,1.1374,1.13751,1.00,3.04
2017.08.28 09:14:20.664,1.1374,1.13751,1.00,1.54
2017.08.28 09:14:21.174,1.13741,1.13751,1.00,1.49
2017.08.28 09:14:21.686,1.13741,1.13752,1.00,1.69
2017.08.28 09:14:21.789,1.13743,1.13754,1.00,2.81
2017.08.28 09:14:22.340,1.13742,1.13754,1.00,4.12
2017.08.28 09:14:26.037,1.13741,1.13753,1.00,3.97
2017.08.28 09:14:26.343,1.1374,1.13751,1.00,2.25
2017.08.28 09:14:27.360,1.1374,1.13751,1.00,1.87
2017.08.28 09:14:27.868,1.1374,1.13751,1.00,1.87
2017.08.28 09:14:32.678,1.1374,1.13751,1.00,2.44
2017.08.28 09:14:36.953,1.1374,1.13751,1.00,2.62
2017.08.28 09:14:37.772,1.13739,1.1375,1.00,1.87
2017.08.28 09:14:40.647,1.13737,1.13748,1.50,1.31
2017.08.28 09:14:40.699,1.13735,1.13747,1.00,1.81
2017.08.28 09:14:41.248,1.13734,1.13746,1.00,1.87
2017.08.28 09:14:42.987,1.13733,1.13745,1.00,1.50
2017.08.28 09:14:43.520,1.13733,1.13744,1.00,1.91
2017.08.28 09:14:43.674,1.13731,1.13743,1.00,1.00
2017.08.28 09:14:43.776,1.1373,1.13741,1.00,1.00
2017.08.28 09:14:44.285,1.13729,1.13741,1.00,1.00
2017.08.28 09:14:44.941,1.13729,1.13742,1.00,3.97
2017.08.28 09:14:46.242,1.13727,1.1374,1.00,1.50
2017.08.28 09:14:46.345,1.13727,1.13739,1.00,2.85
2017.08.28 09:14:46.643,1.13725,1.13737,1.00,1.00
2017.08.28 09:14:47.152,1.13725,1.13736,1.00,1.25
2017.08.28 09:14:47.305,1.13727,1.13738,1.50,2.44
2017.08.28 09:14:47.611,1.13732,1.13745,1.00,1.50
2017.08.28 09:14:47.764,1.13734,1.13746,1.00,1.56
2017.08.28 09:14:49.971,1.13732,1.13743,2.25,1.00
2017.08.28 09:14:50.474,1.13731,1.13742,1.00,1.12
2017.08.28 09:14:53.135,1.13728,1.13742,4.31,1.00
2017.08.28 09:14:53.443,1.13719,1.13733,2.25,1.50
2017.08.28 09:14:53.628,1.13719,1.13731,1.50,1.00
2017.08.28 09:14:53.934,1.1372,1.13732,1.19,1.12
2017.08.28 09:14:54.449,1.13721,1.13733,1.25,1.12
2017.08.28 09:14:54.971,1.13723,1.13734,1.00,1.87
2017.08.28 09:14:55.022,1.13723,1.13735,1.25,1.12
2017.08.28 09:14:55.563,1.13724,1.13735,1.00,1.00
2017.08.28 09:14:56.302,1.13724,1.13736,1.00,1.31
2017.08.28 09:14:56.877,1.13723,1.13736,1.50,1.31
2017.08.28 09:14:57.388,1.13723,1.13735,1.00,1.00
2017.08.28 09:14:57.541,1.13721,1.13734,3.00,1.00
2017.08.28 09:14:59.534,1.13721,1.13733,1.00,1.12
2017.08.28 09:14:59.739,1.13719,1.13733,1.00,3.00
2017.08.28 09:15:01.143,1.1372,1.13733,1.00,4.91
2017.08.28 09:15:01.657,1.1372,1.13733,1.00,4.16
2017.08.28 09:15:02.539,1.13721,1.13733,1.00,3.79
2017.08.28 09:15:03.760,1.13721,1.13732,1.00,1.25
2017.08.28 09:15:04.274,1.13721,1.13732,1.00,1.19
2017.08.28 09:15:06.416,1.1372,1.13731,1.00,1.25
2017.08.28 09:15:06.518,1.1372,1.13731,1.00,1.38
2017.08.28 09:15:07.666,1.13719,1.13731,1.00,1.76
2017.08.28 09:15:13.213,1.13718,1.1373,1.00,1.20
2017.08.28 09:15:18.526,1.13719,1.13731,1.00,1.76
2017.08.28 09:15:21.347,1.1372,1.13731,1.00,1.12
2017.08.28 09:15:21.398,1.1372,1.13732,1.00,1.91
2017.08.28 09:15:21.908,1.13721,1.13732,1.00,1.20
2017.08.28 09:15:30.232,1.13722,1.13733,1.00,1.16
2017.08.28 09:15:30.769,1.13723,1.13734,1.50,1.46
2017.08.28 09:15:31.285,1.13724,1.13734,1.00,1.46
2017.08.28 09:15:53.071,1.13723,1.13735,1.00,2.32
2017.08.28 09:15:56.598,1.13721,1.13732,1.00,2.85
2017.08.28 09:15:57.116,1.13721,1.13732,1.00,1.42
2017.08.28 09:15:58.184,1.13722,1.13733,1.50,1.61
2017.08.28 09:16:00.038,1.1372,1.13732,2.25,1.46
2017.08.28 09:16:00.090,1.13719,1.13729,1.00,1.16
2017.08.28 09:16:00.602,1.13719,1.13729,1.00,1.49
2017.08.28 09:16:01.180,1.13719,1.13729,1.00,1.16
2017.08.28 09:16:03.539,1.13719,1.1373,1.00,2.47
2017.08.28 09:16:08.903,1.13719,1.1373,1.00,1.91
2017.08.28 09:16:15.835,1.1372,1.13731,1.00,2.44
2017.08.28 09:16:21.555,1.13719,1.13729,1.50,1.25
2017.08.28 09:16:21.864,1.13717,1.13727,1.50,1.00
2017.08.28 09:16:22.642,1.13715,1.13726,2.81,1.00
2017.08.28 09:16:23.095,1.13715,1.13728,2.81,1.25
2017.08.28 09:16:25.066,1.13715,1.13728,2.62,1.19
2017.08.28 09:16:25.687,1.13715,1.13728,2.81,1.25
2017.08.28 09:16:39.757,1.13715,1.13728,2.62,1.31
2017.08.28 09:16:39.953,1.13713,1.13725,1.50,2.10
2017.08.28 09:16:40.467,1.13712,1.13724,1.00,1.54
2017.08.28 09:16:41.994,1.13712,1.13725,1.00,3.97
2017.08.28 09:16:42.503,1.13711,1.13723,1.62,1.00
2017.08.28 09:16:48.450,1.13713,1.13725,1.00,1.91
2017.08.28 09:16:48.957,1.13713,1.13725,1.00,2.29
2017.08.28 09:16:50.765,1.13713,1.13725,1.00,1.35
2017.08.28 09:16:51.303,1.13712,1.13725,1.00,2.29
2017.08.28 09:16:52.023,1.13712,1.13725,1.00,2.10
2017.08.28 09:16:54.074,1.13711,1.13725,1.87,1.91
2017.08.28 09:16:54.179,1.13709,1.13722,2.06,1.72
2017.08.28 09:16:54.724,1.13709,1.13722,1.12,2.85
2017.08.28 09:16:55.236,1.13708,1.13721,4.12,1.25
2017.08.28 09:17:05.686,1.13709,1.13722,1.37,2.81
2017.08.28 09:17:07.892,1.1371,1.13722,1.12,1.31
2017.08.28 09:17:11.930,1.1371,1.13722,1.87,2.06
2017.08.28 09:17:12.481,1.1371,1.13722,1.87,1.87
2017.08.28 09:17:16.739,1.13709,1.13717,1.00,1.00
2017.08.28 09:17:16.790,1.13707,1.13717,3.00,1.00
2017.08.28 09:17:20.791,1.13705,1.13717,3.94,1.00
2017.08.28 09:17:23.367,1.13707,1.13717,1.00,1.00
2017.08.28 09:17:23.521,1.13708,1.13719,1.00,1.12
2017.08.28 09:17:24.066,1.13708,1.13718,2.25,1.00
2017.08.28 09:17:24.577,1.13709,1.13719,1.00,1.00
2017.08.28 09:17:25.085,1.13709,1.1372,1.00,1.00
2017.08.28 09:17:27.679,1.13712,1.13724,1.12,3.37
2017.08.28 09:17:27.985,1.13721,1.13731,2.25,1.31
2017.08.28 09:17:28.087,1.13719,1.13731,3.00,1.50
2017.08.28 09:17:28.597,1.13719,1.1373,3.00,1.00
2017.08.28 09:17:28.862,1.13719,1.1373,1.50,1.00
2017.08.28 09:17:31.521,1.13719,1.13729,1.00,1.00
2017.08.28 09:17:32.030,1.13718,1.13729,2.25,1.00
2017.08.28 09:17:32.590,1.13718,1.1373,2.25,1.00
2017.08.28 09:17:33.150,1.13718,1.13729,2.25,1.00
2017.08.28 09:17:33.706,1.13718,1.1373,2.25,1.00
2017.08.28 09:17:34.265,1.13718,1.13729,2.25,1.00
2017.08.28 09:17:34.824,1.13718,1.1373,2.25,1.00
2017.08.28 09:17:35.078,1.13718,1.13728,1.50,1.00
2017.08.28 09:17:35.407,1.13716,1.13728,3.37,1.00
2017.08.28 09:17:36.497,1.13717,1.13729,1.00,2.06
2017.08.28 09:17:36.600,1.13718,1.13731,1.50,1.12
2017.08.28 09:17:36.651,1.1372,1.13732,1.00,1.50
2017.08.28 09:17:36.958,1.13724,1.13736,1.12,1.87
2017.08.28 09:17:37.288,1.13726,1.13736,1.00,1.25
2017.08.28 09:17:37.752,1.13726,1.13739,1.00,3.79
2017.08.28 09:17:38.255,1.13727,1.13738,1.00,1.31
2017.08.28 09:17:38.779,1.13728,1.13739,1.00,1.31
2017.08.28 09:17:39.342,1.13728,1.13739,1.00,1.31
2017.08.28 09:17:39.898,1.13728,1.1374,1.00,3.00
2017.08.28 09:17:40.460,1.13728,1.1374,1.00,1.81
2017.08.28 09:17:41.061,1.13727,1.13739,1.00,1.31
2017.08.28 09:17:41.805,1.13727,1.13739,1.00,1.12
2017.08.28 09:17:43.577,1.13726,1.13738,1.50,1.00
2017.08.28 09:17:43.882,1.13725,1.13737,1.00,1.19
2017.08.28 09:17:44.426,1.13725,1.13737,1.00,1.25
2017.08.28 09:17:44.962,1.13725,1.13737,1.00,1.19
2017.08.28 09:17:47.187,1.13726,1.13738,1.00,3.00
2017.08.28 09:17:49.922,1.13725,1.13736,1.00,1.19
2017.08.28 09:17:50.127,1.13726,1.13738,1.00,1.30
2017.08.28 09:17:50.636,1.13727,1.13738,1.00,1.31
2017.08.28 09:17:51.186,1.13727,1.13738,1.00,1.31
2017.08.28 09:17:51.724,1.13727,1.13739,1.00,1.30
2017.08.28 09:17:51.923,1.13729,1.1374,1.00,1.69
2017.08.28 09:17:52.485,1.1373,1.13741,1.00,1.62
2017.08.28 09:17:52.689,1.13731,1.13743,1.00,2.44
2017.08.28 09:17:53.826,1.13731,1.13742,1.00,1.31
2017.08.28 09:17:54.356,1.13731,1.13742,1.00,2.06
2017.08.28 09:17:56.050,1.13731,1.13743,1.00,4.50
2017.08.28 09:17:56.566,1.13731,1.13743,1.00,4.50
2017.08.28 09:17:57.121,1.13731,1.13743,1.00,4.50
2017.08.28 09:17:57.672,1.13731,1.13743,1.00,4.50
2017.08.28 09:17:58.149,1.1373,1.13742,1.00,1.50
2017.08.28 09:17:59.268,1.13729,1.13741,1.00,1.50
2017.08.28 09:18:00.690,1.13729,1.1374,1.00,1.19
2017.08.28 09:18:05.722,1.13729,1.13741,1.00,1.31
2017.08.28 09:18:06.237,1.13729,1.13741,1.00,1.31
2017.08.28 09:18:07.596,1.1373,1.13742,1.00,3.75
2017.08.28 09:18:07.750,1.13728,1.1374,1.00,1.31
2017.08.28 09:18:08.517,1.13728,1.1374,1.00,1.31
2017.08.28 09:18:09.021,1.13728,1.1374,1.00,2.06
2017.08.28 09:18:09.145,1.13728,1.1374,1.00,2.06
2017.08.28 09:18:09.656,1.13728,1.1374,1.00,2.06
2017.08.28 09:18:10.188,1.13728,1.1374,1.00,2.06
2017.08.28 09:18:11.586,1.13728,1.1374,1.00,2.81
2017.08.28 09:18:12.160,1.13728,1.1374,1.00,2.81
2017.08.28 09:18:12.729,1.13728,1.1374,1.00,2.81
2017.08.28 09:18:13.338,1.13728,1.1374,1.00,2.81
2017.08.28 09:18:15.546,1.13728,1.1374,1.00,2.81
2017.08.28 09:18:16.123,1.13728,1.1374,1.00,2.81
2017.08.28 09:18:16.724,1.13728,1.1374,1.00,2.06
2017.08.28 09:18:18.149,1.13729,1.1374,1.00,1.31
2017.08.28 09:18:18.658,1.13729,1.1374,1.00,1.31
2017.08.28 09:18:19.172,1.13729,1.1374,1.00,1.31
2017.08.28 09:18:21.889,1.13729,1.1374,1.00,1.31
2017.08.28 09:18:22.397,1.13729,1.1374,1.00,1.31
2017.08.28 09:18:22.972,1.13729,1.1374,1.00,1.31
2017.08.28 09:18:23.539,1.13729,1.13741,1.00,5.10
2017.08.28 09:18:24.289,1.13729,1.13741,1.00,3.60
2017.08.28 09:18:25.392,1.13729,1.13741,1.00,5.10
2017.08.28 09:18:25.905,1.13729,1.13741,1.00,5.10
2017.08.28 09:18:26.635,1.13729,1.13741,1.00,5.10
2017.08.28 09:18:27.161,1.13728,1.1374,1.00,2.85
2017.08.28 09:18:27.772,1.13727,1.1374,1.00,3.60
2017.08.28 09:18:30.417,1.13728,1.1374,2.25,2.62
2017.08.28 09:18:30.973,1.13729,1.13741,1.00,1.62
2017.08.28 09:18:31.627,1.13729,1.13742,1.00,4.35
2017.08.28 09:18:31.933,1.13732,1.13743,1.00,2.85
2017.08.28 09:18:32.037,1.1373,1.13742,1.00,1.50
2017.08.28 09:18:32.575,1.1373,1.13742,1.00,2.10
2017.08.28 09:18:33.288,1.1373,1.13742,1.00,3.60
2017.08.28 09:18:49.945,1.1373,1.13741,1.00,1.81
2017.08.28 09:18:50.455,1.1373,1.13741,1.00,1.81
2017.08.28 09:18:56.925,1.13729,1.13741,1.00,3.75
2017.08.28 09:18:57.171,1.13729,1.13741,1.00,4.35
2017.08.28 09:18:58.065,1.13729,1.13741,1.00,4.35
2017.08.28 09:19:00.409,1.13728,1.13736,1.50,1.00
2017.08.28 09:19:00.870,1.13726,1.13735,2.62,1.00
2017.08.28 09:19:02.374,1.13728,1.13735,1.50,1.00
2017.08.28 09:19:02.892,1.13728,1.13736,1.50,1.00
2017.08.28 09:19:04.326,1.13728,1.13737,1.50,1.00
2017.08.28 09:19:04.848,1.13728,1.13738,2.06,1.00
2017.08.28 09:19:10.004,1.13726,1.13737,3.00,1.00
2017.08.28 09:19:11.053,1.13726,1.13736,2.25,1.00
2017.08.28 09:19:12.074,1.13726,1.13736,2.25,1.00
2017.08.28 09:19:15.905,1.13727,1.1374,1.12,2.85
2017.08.28 09:19:16.438,1.13726,1.13738,1.87,1.57
2017.08.28 09:19:16.541,1.13724,1.13737,1.00,1.99
2017.08.28 09:19:16.643,1.13719,1.13731,1.75,1.69
2017.08.28 09:19:16.746,1.13715,1.13728,1.37,1.31
2017.08.28 09:19:16.797,1.13714,1.13725,1.37,1.95
2017.08.28 09:19:16.849,1.13712,1.13724,1.50,1.10
2017.08.28 09:19:16.900,1.13711,1.13723,1.37,1.70
2017.08.28 09:19:16.952,1.13709,1.13722,3.37,1.20
2017.08.28 09:19:17.055,1.13708,1.13721,1.50,1.95
2017.08.28 09:19:17.575,1.13708,1.13721,2.44,1.45
2017.08.28 09:19:18.094,1.13709,1.13722,1.12,2.89
2017.08.28 09:19:18.603,1.13709,1.13722,1.87,2.70
2017.08.28 09:19:20.775,1.13709,1.13719,1.87,1.20
2017.08.28 09:19:21.030,1.13708,1.13718,2.25,1.20
2017.08.28 09:19:21.554,1.13708,1.13719,2.25,2.32
2017.08.28 09:19:24.250,1.13708,1.13718,1.87,2.32
2017.08.28 09:19:29.357,1.1371,1.13718,1.00,1.57
2017.08.28 09:19:29.870,1.13709,1.1372,3.75,2.32
2017.08.28 09:19:29.922,1.13709,1.1372,1.12,2.32
2017.08.28 09:19:30.467,1.13708,1.13718,1.12,1.20
2017.08.28 09:19:37.345,1.13708,1.13717,1.12,1.20
2017.08.28 09:19:37.895,1.13708,1.13718,1.12,2.32
2017.08.28 09:19:39.615,1.13709,1.13718,1.12,2.32
2017.08.28 09:19:40.129,1.13708,1.13718,1.12,2.32
2017.08.28 09:19:41.023,1.13709,1.13717,1.00,1.20
2017.08.28 09:19:41.562,1.13709,1.13718,1.12,2.32
2017.08.28 09:19:52.328,1.13708,1.13718,1.12,2.32
2017.08.28 09:19:53.493,1.13706,1.13712,1.00,1.50
2017.08.28 09:19:53.600,1.137,1.1371,3.37,3.07
2017.08.28 09:19:53.652,1.137,1.13708,3.00,1.45
2017.08.28 09:19:53.704,1.137,1.13708,1.00,2.32
2017.08.28 09:19:53.859,1.13697,1.13707,1.00,3.26
2017.08.28 09:19:53.911,1.13695,1.13704,1.00,3.41
2017.08.28 09:19:54.013,1.13691,1.13701,1.00,1.69
2017.08.28 09:19:54.373,1.13693,1.13704,1.00,3.07
2017.08.28 09:19:54.680,1.13696,1.13707,1.50,1.91
2017.08.28 09:19:54.988,1.13703,1.13712,1.00,1.50
2017.08.28 09:19:55.091,1.13704,1.13715,1.00,1.37
2017.08.28 09:19:55.644,1.13703,1.13713,1.00,1.25
2017.08.28 09:19:56.154,1.13703,1.13714,1.00,4.12
2017.08.28 09:19:57.248,1.13703,1.13714,1.00,4.12
2017.08.28 09:19:57.441,1.13708,1.13715,1.50,3.37
2017.08.28 09:19:57.493,1.13714,1.13722,1.00,1.12
2017.08.28 09:19:57.595,1.13716,1.13726,1.00,2.25
2017.08.28 09:19:57.698,1.13714,1.13724,1.00,2.00
2017.08.28 09:19:57.750,1.13712,1.13724,2.25,2.44
2017.08.28 09:19:58.420,1.13712,1.13724,2.25,2.06
2017.08.28 09:20:08.721,1.13712,1.13724,2.25,1.31
2017.08.28 09:20:09.080,1.13715,1.13725,1.00,1.56
2017.08.28 09:20:11.301,1.13719,1.13729,1.00,1.50
2017.08.28 09:20:11.996,1.13719,1.1373,1.00,1.56
2017.08.28 09:20:12.509,1.1372,1.1373,1.00,1.56
2017.08.28 09:20:22.372,1.13719,1.1373,1.00,1.56
2017.08.28 09:20:22.897,1.13719,1.1373,1.00,1.81
2017.08.28 09:20:23.420,1.13719,1.1373,1.00,1.81
2017.08.28 09:20:27.380,1.13718,1.1373,3.19,1.87
2017.08.28 09:20:28.145,1.13718,1.1373,3.19,1.00
2017.08.28 09:20:28.505,1.1372,1.13732,1.50,2.62
2017.08.28 09:20:28.812,1.13721,1.13734,1.00,2.06
2017.08.28 09:20:29.467,1.13721,1.13733,1.00,1.56
2017.08.28 09:20:30.027,1.13721,1.13733,1.00,1.81
2017.08.28 09:20:30.547,1.13721,1.13733,1.00,1.56
2017.08.28 09:20:36.759,1.13723,1.13734,1.00,1.50
2017.08.28 09:20:37.288,1.13724,1.13735,1.00,1.87
2017.08.28 09:20:37.804,1.13724,1.13735,2.25,1.87
2017.08.28 09:20:38.008,1.13726,1.13737,1.50,1.50
2017.08.28 09:20:44.727,1.13724,1.13737,3.19,1.50
2017.08.28 09:20:45.193,1.13724,1.13734,1.50,1.00
2017.08.28 09:20:45.501,1.13726,1.13737,2.25,1.50
2017.08.28 09:20:45.807,1.13732,1.13743,1.50,1.00
2017.08.28 09:20:45.956,1.13737,1.13745,1.50,1.00
2017.08.28 09:20:46.008,1.13737,1.13747,1.50,1.25
2017.08.28 09:20:46.060,1.13735,1.13747,1.50,1.25
2017.08.28 09:20:46.572,1.13735,1.13746,1.50,1.00
2017.08.28 09:20:48.699,1.13735,1.13747,1.50,1.00
2017.08.28 09:20:51.034,1.13735,1.13747,1.50,1.19
2017.08.28 09:20:51.568,1.13735,1.13747,1.50,1.12
2017.08.28 09:21:00.098,1.13735,1.13747,1.50,1.31
2017.08.28 09:21:00.653,1.13735,1.13747,1.50,1.31
2017.08.28 09:21:02.030,1.13738,1.13748,1.00,1.69
2017.08.28 09:21:03.858,1.13738,1.13748,1.00,1.69
2017.08.28 09:21:04.413,1.13738,1.13748,1.00,1.69
2017.08.28 09:21:14.906,1.13738,1.13749,1.50,2.44
2017.08.28 09:21:15.516,1.13738,1.13749,1.00,2.32
2017.08.28 09:21:16.140,1.13738,1.13749,1.00,2.32
2017.08.28 09:21:16.846,1.13738,1.13749,1.00,2.32
2017.08.28 09:21:17.373,1.13738,1.13749,1.00,2.06
2017.08.28 09:21:17.917,1.13739,1.1375,2.25,1.50
2017.08.28 09:21:18.998,1.13739,1.13751,2.25,1.81
2017.08.28 09:21:19.552,1.13739,1.13751,2.25,1.81
2017.08.28 09:21:20.063,1.13739,1.13751,2.25,1.81
2017.08.28 09:21:20.954,1.13739,1.13751,2.25,1.81
2017.08.28 09:21:21.526,1.13735,1.13743,1.50,1.00
2017.08.28 09:21:21.580,1.1373,1.13741,4.12,1.00
2017.08.28 09:21:21.778,1.1373,1.1374,1.50,1.00
2017.08.28 09:21:21.932,1.13728,1.13739,1.69,1.00
2017.08.28 09:21:22.085,1.13729,1.13737,1.50,1.00
2017.08.28 09:21:24.889,1.13728,1.13737,1.69,1.00
2017.08.28 09:21:28.911,1.13728,1.13736,1.50,1.00
2017.08.28 09:21:29.895,1.13728,1.13735,1.50,1.00
2017.08.28 09:21:30.790,1.13724,1.13735,2.06,1.00
2017.08.28 09:21:30.892,1.13724,1.13735,2.06,1.00
2017.08.28 09:21:31.479,1.13724,1.13735,2.06,1.00
2017.08.28 09:21:32.208,1.13724,1.13735,2.81,1.00
2017.08.28 09:21:32.845,1.13725,1.13735,1.00,1.00
2017.08.28 09:21:33.383,1.13726,1.13735,1.50,1.00
2017.08.28 09:21:33.937,1.13727,1.13736,1.00,1.00
2017.08.28 09:21:35.709,1.13727,1.13737,1.00,1.00
2017.08.28 09:21:36.322,1.13727,1.13737,1.19,1.00
2017.08.28 09:21:36.857,1.13727,1.13737,1.00,1.00
2017.08.28 09:21:48.059,1.13726,1.13736,2.44,1.00
2017.08.28 09:21:48.111,1.13724,1.13736,1.87,1.00
2017.08.28 09:21:48.898,1.13724,1.13736,2.81,1.00
2017.08.28 09:21:49.433,1.13724,1.13736,2.81,1.00
2017.08.28 09:21:52.687,1.13724,1.13734,2.44,1.00
2017.08.28 09:21:53.644,1.13721,1.13732,1.62,1.00
2017.08.28 09:21:53.951,1.1372,1.1373,1.50,1.00
2017.08.28 09:21:54.868,1.13721,1.1373,1.00,1.00
2017.08.28 09:22:07.634,1.13722,1.13731,1.00,1.00
2017.08.28 09:22:07.940,1.13724,1.13732,1.00,1.00
2017.08.28 09:22:14.647,1.13723,1.13732,1.00,1.00
2017.08.28 09:22:16.775,1.13723,1.13733,1.00,1.00
2017.08.28 09:22:17.286,1.13722,1.13732,2.62,1.00
2017.08.28 09:22:18.305,1.13722,1.13732,2.81,1.00
2017.08.28 09:22:18.832,1.13722,1.13732,2.81,1.00
2017.08.28 09:22:19.268,1.13724,1.13732,1.50,1.00
2017.08.28 09:22:19.786,1.13724,1.13733,1.50,1.00
2017.08.28 09:22:22.361,1.13722,1.13733,2.81,1.00
2017.08.28 09:22:22.876,1.13722,1.13733,2.62,1.00
2017.08.28 09:22:23.697,1.13722,1.13733,2.81,1.00
2017.08.28 09:22:24.211,1.13722,1.13733,2.62,1.00
2017.08.28 09:22:24.752,1.13723,1.13733,1.00,1.00
2017.08.28 09:22:35.972,1.13723,1.13733,1.19,1.00
2017.08.28 09:22:36.530,1.13723,1.13733,1.25,1.00
2017.08.28 09:22:40.479,1.13722,1.13733,1.87,1.00
2017.08.28 09:22:41.064,1.13723,1.13733,1.00,1.00
2017.08.28 09:22:43.216,1.13723,1.13734,1.25,1.00
2017.08.28 09:22:43.743,1.13724,1.13734,1.50,1.00
2017.08.28 09:22:44.310,1.13725,1.13734,1.00,1.00
2017.08.28 09:22:44.872,1.13725,1.13735,1.25,1.00
2017.08.28 09:22:45.349,1.13726,1.13737,2.44,1.00
2017.08.28 09:22:45.402,1.13728,1.13737,1.50,1.00
2017.08.28 09:22:47.280,1.13727,1.13737,1.25,1.00
2017.08.28 09:22:47.787,1.13726,1.13736,1.50,1.00
2017.08.28 09:22:54.891,1.13724,1.13735,2.06,1.00
2017.08.28 09:22:55.040,1.13722,1.13735,3.00,1.00
2017.08.28 09:22:58.050,1.13723,1.13737,1.87,2.47
2017.08.28 09:22:58.254,1.13724,1.13737,1.19,1.35
2017.08.28 09:23:08.467,1.13726,1.13737,1.00,1.00
2017.08.28 09:23:09.015,1.13725,1.13737,1.12,1.00
2017.08.28 09:23:09.582,1.13726,1.13737,1.00,1.00
2017.08.28 09:23:10.667,1.13725,1.13737,1.12,1.00
2017.08.28 09:23:16.106,1.13725,1.13736,1.31,1.00
2017.08.28 09:23:16.407,1.13723,1.13734,2.06,1.00
2017.08.28 09:23:16.916,1.13722,1.13732,1.00,1.00
2017.08.28 09:23:16.968,1.13719,1.13732,4.50,1.00
2017.08.28 09:23:17.201,1.13717,1.1373,3.37,1.00
2017.08.28 09:23:17.561,1.1372,1.1373,1.00,1.00
2017.08.28 09:23:18.121,1.1372,1.13731,1.00,1.00
2017.08.28 09:23:18.643,1.13719,1.13731,1.50,1.00
2017.08.28 09:23:19.228,1.1372,1.13731,1.00,1.00
2017.08.28 09:23:19.664,1.13721,1.13733,2.25,1.00
2017.08.28 09:23:27.810,1.13723,1.13735,1.00,1.86
2017.08.28 09:23:28.118,1.13725,1.13734,1.00,1.00
2017.08.28 09:23:28.223,1.13722,1.13734,2.62,1.00
2017.08.28 09:23:28.916,1.13722,1.13734,1.87,1.25
2017.08.28 09:23:46.226,1.13724,1.13734,1.50,1.00
2017.08.28 09:23:46.735,1.13726,1.13735,1.50,1.00
2017.08.28 09:23:47.280,1.13724,1.13734,2.25,1.00
2017.08.28 09:23:51.915,1.13724,1.13734,2.44,1.00
2017.08.28 09:23:52.470,1.13724,1.13734,2.44,1.00
2017.08.28 09:23:53.474,1.13722,1.13734,2.62,1.00
2017.08.28 09:23:54.034,1.13722,1.13733,1.87,1.00
2017.08.28 09:23:59.286,1.1372,1.13732,1.37,1.12
2017.08.28 09:23:59.388,1.13719,1.13731,3.19,1.12
2017.08.28 09:24:08.645,1.13718,1.13729,1.00,1.00
2017.08.28 09:24:08.800,1.13715,1.13727,1.00,1.00
2017.08.28 09:24:09.418,1.13713,1.13726,3.56,1.00
2017.08.28 09:24:09.960,1.13713,1.13725,2.81,1.00
2017.08.28 09:24:15.765,1.13713,1.13724,3.00,1.00
2017.08.28 09:24:16.314,1.13713,1.13724,2.06,1.00
2017.08.28 09:24:17.095,1.13712,1.13723,1.62,1.00
2017.08.28 09:24:17.198,1.1371,1.13722,1.37,2.25
2017.08.28 09:24:17.250,1.13709,1.1372,1.37,2.25
2017.08.28 09:24:17.623,1.1371,1.13722,1.12,1.00
2017.08.28 09:24:17.777,1.13712,1.13723,1.50,1.00
2017.08.28 09:24:18.344,1.13712,1.13724,2.62,1.00
2017.08.28 09:24:18.854,1.13712,1.13724,2.06,1.00
2017.08.28 09:24:19.224,1.13714,1.13726,1.50,1.00
2017.08.28 09:24:19.738,1.13714,1.13727,2.25,1.00
2017.08.28 09:24:20.087,1.13718,1.13727,1.50,1.00
2017.08.28 09:24:20.597,1.13716,1.13727,2.06,1.00
2017.08.28 09:24:21.107,1.13716,1.13728,2.81,1.00
2017.08.28 09:24:21.776,1.13716,1.13728,3.56,1.00
2017.08.28 09:24:37.880,1.13717,1.13729,1.12,1.00
2017.08.28 09:24:38.545,1.13717,1.13729,2.06,1.00
2017.08.28 09:24:44.215,1.13719,1.1373,1.31,1.00
2017.08.28 09:24:44.522,1.13723,1.13732,1.50,1.00
2017.08.28 09:24:44.574,1.13721,1.13732,2.06,1.00
2017.08.28 09:24:45.187,1.13721,1.13733,3.56,1.00
2017.08.28 09:24:45.698,1.1372,1.13732,1.37,1.00
2017.08.28 09:24:47.357,1.1372,1.13731,1.37,1.00
2017.08.28 09:24:47.460,1.13719,1.13731,2.81,1.00
2017.08.28 09:24:47.979,1.1372,1.13731,1.00,1.00
2017.08.28 09:24:50.382,1.1372,1.13731,2.06,1.00
2017.08.28 09:24:54.452,1.1372,1.13732,2.06,1.00
2017.08.28 09:24:57.761,1.1372,1.13731,2.81,1.00
2017.08.28 09:24:58.323,1.13722,1.13731,1.50,1.00
2017.08.28 09:25:12.427,1.13722,1.13729,1.50,1.00
2017.08.28 09:25:12.479,1.13719,1.13729,1.12,1.00
2017.08.28 09:25:12.998,1.13718,1.13728,1.87,1.00
2017.08.28 09:25:13.507,1.13718,1.13729,2.06,1.00
2017.08.28 09:25:15.885,1.13719,1.1373,1.31,1.00
2017.08.28 09:25:16.038,1.1372,1.13732,1.69,1.00
2017.08.28 09:25:16.631,1.1372,1.13732,2.44,1.00
2017.08.28 09:25:17.154,1.1372,1.13732,2.44,1.00
2017.08.28 09:25:18.077,1.1372,1.13733,3.56,1.00
2017.08.28 09:25:18.601,1.13722,1.13733,1.50,1.00
2017.08.28 09:25:25.697,1.13722,1.13732,1.50,1.00
2017.08.28 09:25:25.952,1.13719,1.13732,4.12,1.00
2017.08.28 09:25:26.003,1.13719,1.1373,2.62,1.00
2017.08.28 09:25:27.674,1.13719,1.13731,1.50,1.00
2017.08.28 09:25:28.083,1.13717,1.13728,1.00,1.00
2017.08.28 09:25:28.691,1.13718,1.13728,1.50,1.00
2017.08.28 09:25:36.191,1.13718,1.13729,1.87,1.00
2017.08.28 09:25:43.017,1.13716,1.13728,2.06,1.00
2017.08.28 09:25:43.526,1.13716,1.13728,2.06,1.00
2017.08.28 09:25:45.410,1.13716,1.13729,5.06,1.00
2017.08.28 09:25:46.617,1.13716,1.13728,3.56,1.00
2017.08.28 09:25:49.420,1.13716,1.13728,2.06,1.00
2017.08.28 09:25:50.630,1.13715,1.13728,1.25,1.00
2017.08.28 09:25:51.181,1.13714,1.13726,3.00,1.00
2017.08.28 09:25:51.691,1.13713,1.13725,2.44,1.00
2017.08.28 09:25:55.261,1.13713,1.13726,2.44,1.00
2017.08.28 09:25:56.164,1.13715,1.13726,1.25,1.00
2017.08.28 09:25:56.674,1.13715,1.13727,1.31,1.00
2017.08.28 09:25:57.183,1.13715,1.13727,3.94,1.00
2017.08.28 09:26:01.584,1.13715,1.13726,2.81,1.00
2017.08.28 09:26:01.996,1.13713,1.13726,3.37,1.25
2017.08.28 09:26:06.168,1.13713,1.13725,3.56,1.00
2017.08.28 09:26:07.915,1.13713,1.13724,2.06,1.00
2017.08.28 09:26:08.451,1.13713,1.13724,1.87,1.00
2017.08.28 09:26:17.137,1.13713,1.13725,1.12,1.00
2017.08.28 09:26:19.072,1.13713,1.13725,1.31,1.00
2017.08.28 09:26:21.273,1.13713,1.13725,1.25,1.00
2017.08.28 09:26:26.154,1.13712,1.13726,4.12,1.25
2017.08.28 09:26:26.679,1.13714,1.13725,1.69,1.00
2017.08.28 09:26:28.797,1.13713,1.13724,1.37,1.00
2017.08.28 09:26:29.626,1.13712,1.13724,1.69,1.00
2017.08.28 09:26:36.179,1.13712,1.13724,1.00,1.00
2017.08.28 09:26:39.124,1.13711,1.13723,5.06,1.00
2017.08.28 09:26:51.157,1.13711,1.13722,2.62,1.00
2017.08.28 09:26:52.187,1.13711,1.13723,1.37,1.00
2017.08.28 09:26:57.704,1.13712,1.13724,1.50,1.00
2017.08.28 09:26:57.908,1.13712,1.13724,3.37,1.00
2017.08.28 09:26:58.429,1.13712,1.13725,3.37,1.00
2017.08.28 09:27:00.442,1.13712,1.13725,3.94,1.00
2017.08.28 09:27:01.302,1.13712,1.13725,4.87,1.00
2017.08.28 09:27:06.177,1.13712,1.13726,5.62,1.00
2017.08.28 09:27:08.244,1.13712,1.13726,3.75,1.25
2017.08.28 09:27:09.384,1.13712,1.13726,4.12,2.29
2017.08.28 09:27:11.268,1.13712,1.13726,4.12,2.29
2017.08.28 09:27:14.167,1.13712,1.13725,3.94,1.69
2017.08.28 09:27:14.714,1.13712,1.13724,2.06,1.00
2017.08.28 09:27:17.188,1.13712,1.13725,1.87,1.87
2017.08.28 09:27:18.244,1.13712,1.13724,1.87,1.00
2017.08.28 09:27:24.789,1.13713,1.13724,1.00,1.00
2017.08.28 09:27:25.331,1.13712,1.13724,1.87,1.25
2017.08.28 09:27:28.764,1.13712,1.13725,1.87,1.91
2017.08.28 09:27:29.114,1.13715,1.13726,1.00,1.00
2017.08.28 09:27:29.623,1.13714,1.13727,1.00,4.54
2017.08.28 09:27:29.928,1.13716,1.13727,1.00,3.04
2017.08.28 09:27:30.460,1.13716,1.13727,1.00,2.66
2017.08.28 09:27:30.975,1.13716,1.13727,1.00,2.66
2017.08.28 09:27:31.563,1.13716,1.13727,1.00,2.66
2017.08.28 09:27:32.077,1.13716,1.13727,1.00,2.66
2017.08.28 09:27:32.626,1.13716,1.13727,1.00,2.66
2017.08.28 09:27:33.197,1.13716,1.13727,1.00,2.66
2017.08.28 09:27:33.706,1.13716,1.13726,1.00,1.00
2017.08.28 09:27:34.336,1.13716,1.13727,1.00,3.04
2017.08.28 09:27:34.862,1.13717,1.13727,1.00,1.25
2017.08.28 09:27:38.729,1.13716,1.13727,1.00,3.04
2017.08.28 09:27:39.239,1.13716,1.13726,1.00,2.10
2017.08.28 09:27:41.107,1.13715,1.13726,1.00,2.10
2017.08.28 09:27:42.801,1.13716,1.13726,1.00,1.54
2017.08.28 09:27:42.903,1.13716,1.13727,1.00,1.91
2017.08.28 09:27:43.422,1.13717,1.13727,1.00,1.12
2017.08.28 09:27:47.430,1.13718,1.13728,1.00,1.31
2017.08.28 09:27:47.964,1.13717,1.13728,1.50,1.31
2017.08.28 09:27:50.053,1.13719,1.13728,1.00,1.31
2017.08.28 09:27:50.557,1.13719,1.13729,1.00,1.12
2017.08.28 09:27:51.476,1.13718,1.13728,1.00,1.12
2017.08.28 09:27:53.760,1.13719,1.13729,1.00,1.87
2017.08.28 09:27:54.475,1.13718,1.13728,1.00,1.12
2017.08.28 09:27:59.926,1.13717,1.13728,1.69,1.37
2017.08.28 09:28:01.280,1.13716,1.13727,1.00,1.50
2017.08.28 09:28:02.469,1.13715,1.13727,1.69,1.72
2017.08.28 09:28:03.081,1.13716,1.13727,1.00,1.72
2017.08.28 09:28:06.512,1.13715,1.13727,1.00,2.66
2017.08.28 09:28:07.053,1.13715,1.13726,1.00,1.91
2017.08.28 09:28:07.359,1.13712,1.13724,3.00,1.12
2017.08.28 09:28:07.870,1.13712,1.13724,2.06,1.12
2017.08.28 09:28:14.472,1.13714,1.13725,1.00,1.86
2017.08.28 09:28:17.006,1.13715,1.13726,1.00,1.91
2017.08.28 09:28:17.275,1.13716,1.13727,1.50,2.29
2017.08.28 09:28:17.790,1.13715,1.13727,1.25,1.91
2017.08.28 09:28:18.336,1.13714,1.13726,1.12,1.31
2017.08.28 09:28:18.933,1.13713,1.13726,2.62,1.91
2017.08.28 09:28:19.445,1.13713,1.13725,1.00,1.31
2017.08.28 09:28:22.575,1.13712,1.13725,2.06,1.12
2017.08.28 09:28:23.126,1.13712,1.13724,1.31,1.00
2017.08.28 09:28:26.525,1.13713,1.13725,1.00,1.16
2017.08.28 09:28:26.576,1.13716,1.13725,1.00,1.16
2017.08.28 09:28:27.668,1.13716,1.13726,1.00,1.16
2017.08.28 09:28:27.974,1.13718,1.13728,1.00,1.00
2017.08.28 09:28:28.484,1.13718,1.13728,1.00,3.04
2017.08.28 09:28:29.021,1.13717,1.13727,1.00,1.16
2017.08.28 09:28:29.694,1.13718,1.13728,1.00,2.29
2017.08.28 09:28:30.217,1.13718,1.13729,1.00,2.66
2017.08.28 09:28:30.765,1.13718,1.13729,1.00,2.29
2017.08.28 09:28:31.392,1.13718,1.13729,1.00,2.29
2017.08.28 09:28:32.255,1.1372,1.13729,1.00,2.29
2017.08.28 09:28:32.590,1.13718,1.13729,1.25,2.06
2017.08.28 09:28:32.744,1.1372,1.13729,1.00,1.62
2017.08.28 09:28:37.325,1.13718,1.13729,1.00,1.37
2017.08.28 09:28:37.479,1.13716,1.13727,1.12,1.67
2017.08.28 09:28:37.785,1.13715,1.13726,1.00,4.91
2017.08.28 09:28:38.599,1.13714,1.13724,1.00,1.86
2017.08.28 09:28:38.805,1.13712,1.13722,1.00,1.30
2017.08.28 09:28:39.335,1.13712,1.13722,1.00,1.86
2017.08.28 09:28:40.328,1.13712,1.13722,1.00,1.05
2017.08.28 09:28:50.141,1.13709,1.1372,1.31,1.00
2017.08.28 09:28:54.869,1.13709,1.13719,1.31,1.00
2017.08.28 09:28:55.381,1.13707,1.13719,4.31,1.00
2017.08.28 09:28:55.813,1.13706,1.13718,1.50,1.00
2017.08.28 09:28:56.324,1.13705,1.13717,2.06,1.00
2017.08.28 09:28:57.000,1.13706,1.13717,1.25,1.00
2017.08.28 09:28:58.837,1.13705,1.13717,2.06,1.00
2017.08.28 09:28:59.393,1.13705,1.13718,2.81,1.00
2017.08.28 09:29:00.504,1.13707,1.13718,1.00,1.00
2017.08.28 09:29:01.675,1.13708,1.13718,1.00,1.00
2017.08.28 09:29:02.895,1.13708,1.13719,1.00,1.00
2017.08.28 09:29:03.099,1.1371,1.1372,1.00,1.00
2017.08.28 09:29:03.731,1.13707,1.1372,2.81,1.00
2017.08.28 09:29:03.783,1.13706,1.13719,4.12,1.00
2017.08.28 09:29:04.297,1.13706,1.13719,2.81,1.25
2017.08.28 09:29:04.776,1.13705,1.13717,1.31,1.00
2017.08.28 09:29:05.084,1.13704,1.13715,1.87,1.00
2017.08.28 09:29:06.977,1.13702,1.13714,4.69,1.00
2017.08.28 09:29:08.657,1.13703,1.13713,1.00,1.00
2017.08.28 09:29:09.360,1.13702,1.13713,1.31,1.00
2017.08.28 09:29:24.206,1.13702,1.13713,2.06,1.00
2017.08.28 09:29:24.258,1.13704,1.13715,1.31,1.00
2017.08.28 09:29:24.765,1.13703,1.13715,2.06,1.00
2017.08.28 09:29:24.817,1.13705,1.13715,1.00,1.00
2017.08.28 09:29:25.326,1.13704,1.13715,1.00,1.00
2017.08.28 09:29:25.864,1.13703,1.13715,1.25,1.00
2017.08.28 09:29:28.074,1.13704,1.13715,1.00,1.00
2017.08.28 09:29:28.650,1.13703,1.13714,1.00,1.00
2017.08.28 09:29:28.960,1.13706,1.13716,1.00,1.24
2017.08.28 09:29:29.472,1.13706,1.13717,1.00,1.16
2017.08.28 09:29:30.102,1.13707,1.13717,1.00,1.85
2017.08.28 09:29:30.274,1.13708,1.13719,1.00,1.16
2017.08.28 09:29:30.784,1.13709,1.13718,1.00,1.05
2017.08.28 09:29:31.341,1.13707,1.13717,1.00,1.30
2017.08.28 09:29:31.889,1.13706,1.13717,1.00,1.72
2017.08.28 09:29:33.571,1.13707,1.13717,1.00,1.91
2017.08.28 09:29:34.092,1.13708,1.13717,1.00,1.16
2017.08.28 09:29:34.670,1.13708,1.13717,1.00,1.16
2017.08.28 09:29:35.578,1.13706,1.13717,1.00,2.85
2017.08.28 09:29:36.089,1.13705,1.13715,1.00,1.05
2017.08.28 09:29:37.147,1.13705,1.13716,1.00,4.35
2017.08.28 09:29:39.899,1.13705,1.13716,1.00,3.22
2017.08.28 09:29:40.496,1.13704,1.13715,1.00,1.05
2017.08.28 09:29:41.014,1.13704,1.13715,1.00,1.16
2017.08.28 09:29:41.757,1.13705,1.13715,1.00,1.30
2017.08.28 09:29:41.912,1.13707,1.13716,1.00,1.30
2017.08.28 09:29:42.455,1.13707,1.13717,1.00,1.30
2017.08.28 09:29:42.961,1.13707,1.13718,1.00,3.79
2017.08.28 09:29:43.499,1.13707,1.13718,1.00,3.04
2017.08.28 09:29:45.960,1.13707,1.13718,1.00,3.79
2017.08.28 09:29:46.571,1.13705,1.13717,1.00,1.72
2017.08.28 09:29:51.950,1.13706,1.13717,1.00,1.72
2017.08.28 09:29:59.654,1.13706,1.13717,1.00,1.72
2017.08.28 09:30:01.896,1.13706,1.13718,1.50,2.47
2017.08.28 09:30:02.414,1.13706,1.13718,1.50,2.47
2017.08.28 09:30:03.425,1.13706,1.13718,1.50,2.47
2017.08.28 09:30:04.464,1.13706,1.13718,1.50,2.47
2017.08.28 09:30:04.980,1.13706,1.13718,1.50,2.47
2017.08.28 09:30:05.172,1.13704,1.13717,1.00,3.60
2017.08.28 09:30:05.683,1.13704,1.13717,1.50,4.16
2017.08.28 09:30:06.208,1.13705,1.13716,1.50,1.30
2017.08.28 09:30:06.927,1.13704,1.13717,1.50,3.60
2017.08.28 09:30:07.183,1.13703,1.13716,1.00,3.22
2017.08.28 09:30:07.720,1.13703,1.13716,1.00,3.60
2017.08.28 09:30:12.737,1.13704,1.13716,1.00,2.47
2017.08.28 09:30:12.942,1.13705,1.13717,1.50,1.30
2017.08.28 09:30:13.197,1.13704,1.13716,1.00,1.16
2017.08.28 09:30:13.838,1.13703,1.13716,1.50,1.72
2017.08.28 09:30:17.961,1.13703,1.13716,1.37,3.41
2017.08.28 09:30:18.312,1.13706,1.13716,1.00,2.66
2017.08.28 09:30:18.820,1.13706,1.13716,1.00,1.05
2017.08.28 09:30:19.389,1.13705,1.13718,1.31,2.47
2017.08.28 09:30:20.005,1.13706,1.13718,1.12,1.85
2017.08.28 09:30:22.974,1.13707,1.13717,1.00,1.30
2017.08.28 09:30:25.470,1.13706,1.13718,1.12,1.91
2017.08.28 09:30:27.193,1.13704,1.13716,1.12,1.05
2017.08.28 09:30:28.807,1.13702,1.13714,1.87,1.00
2017.08.28 09:30:29.129,1.13703,1.13716,1.37,1.72
2017.08.28 09:30:30.814,1.13706,1.13716,1.00,1.30
2017.08.28 09:30:33.749,1.13706,1.13717,1.00,1.30
2017.08.28 09:30:34.292,1.13706,1.13717,1.00,1.16
2017.08.28 09:30:45.749,1.13706,1.13718,1.00,1.49
2017.08.28 09:30:46.088,1.13704,1.13715,1.00,3.04
2017.08.28 09:30:46.599,1.13703,1.13712,1.00,1.05
2017.08.28 09:30:50.732,1.13704,1.13713,1.00,1.05
2017.08.28 09:30:50.784,1.13706,1.13716,1.00,1.12
2017.08.28 09:30:50.886,1.13709,1.13718,1.00,1.20
2017.08.28 09:30:51.397,1.13708,1.13719,1.00,1.54
2017.08.28 09:30:52.111,1.13708,1.13719,1.00,1.16
2017.08.28 09:30:52.629,1.13707,1.13719,1.50,1.16
2017.08.28 09:30:53.384,1.13707,1.13719,1.00,1.91
2017.08.28 09:30:53.977,1.13707,1.13719,1.00,1.91
2017.08.28 09:30:54.536,1.13707,1.13719,1.00,1.91
2017.08.28 09:30:55.043,1.13707,1.13719,1.00,1.91
2017.08.28 09:30:55.306,1.13705,1.13718,1.69,1.31
2017.08.28 09:30:55.715,1.13704,1.13716,1.12,1.00
2017.08.28 09:30:56.742,1.13703,1.13716,1.12,1.91
2017.08.28 09:30:57.277,1.13704,1.13717,1.31,1.91
2017.08.28 09:30:57.894,1.13706,1.13717,1.00,1.25
2017.08.28 09:31:03.452,1.13705,1.13718,1.12,1.91
2017.08.28 09:31:03.888,1.13705,1.13716,1.00,1.85
2017.08.28 09:31:04.394,1.13704,1.13715,1.00,1.05
2017.08.28 09:31:04.899,1.13704,1.13715,1.12,1.54
2017.08.28 09:31:05.500,1.13704,1.13715,1.12,1.16
2017.08.28 09:31:06.180,1.13705,1.13716,1.00,1.62
2017.08.28 09:31:06.697,1.13704,1.13716,1.31,1.25
2017.08.28 09:31:07.207,1.13705,1.13718,1.00,2.66
2017.08.28 09:31:07.667,1.13708,1.13719,1.00,2.47
2017.08.28 09:31:16.590,1.13707,1.13719,1.00,3.41
2017.08.28 09:31:17.335,1.13707,1.13719,1.00,2.29
2017.08.28 09:31:17.847,1.13707,1.13719,1.00,2.29
2017.08.28 09:31:18.528,1.13707,1.13719,1.00,2.29
2017.08.28 09:31:18.968,1.13707,1.13719,1.00,2.29
2017.08.28 09:31:19.019,1.13707,1.13719,1.00,2.29
2017.08.28 09:31:19.554,1.13707,1.13718,1.00,1.25
2017.08.28 09:31:20.583,1.13707,1.13717,1.00,1.00
2017.08.28 09:31:20.686,1.13709,1.13719,1.00,1.49
2017.08.28 09:31:20.738,1.13708,1.1372,1.69,1.95
2017.08.28 09:31:20.942,1.13708,1.1372,5.06,1.20
2017.08.28 09:31:20.994,1.1371,1.1372,1.12,1.20
2017.08.28 09:31:21.974,1.13708,1.1372,4.31,1.65
2017.08.28 09:31:22.891,1.13708,1.1372,4.69,1.00
2017.08.28 09:31:24.420,1.13708,1.1372,3.94,1.00
2017.08.28 09:31:27.713,1.13708,1.1372,3.94,1.00
2017.08.28 09:31:28.240,1.13706,1.13719,4.87,1.00
2017.08.28 09:31:30.846,1.13708,1.13719,1.50,1.00
2017.08.28 09:31:31.548,1.13707,1.1372,3.75,2.06
2017.08.28 09:31:32.064,1.13707,1.13719,1.87,1.00
2017.08.28 09:31:32.573,1.13706,1.13718,2.62,1.00
2017.08.28 09:31:33.307,1.13706,1.13719,2.06,1.54
2017.08.28 09:31:33.857,1.13706,1.13719,1.87,1.54
2017.08.28 09:31:34.445,1.13706,1.13717,1.37,1.00
2017.08.28 09:31:35.479,1.13704,1.13717,5.25,1.00
2017.08.28 09:31:38.813,1.13705,1.13717,1.00,1.00
2017.08.28 09:31:39.119,1.13703,1.13715,4.12,1.00
2017.08.28 09:31:39.629,1.13703,1.13715,1.69,1.00
2017.08.28 09:31:40.420,1.13703,1.13715,3.19,1.00
2017.08.28 09:31:40.944,1.13703,1.13715,1.69,1.00
2017.08.28 09:31:43.442,1.13704,1.13717,3.00,2.29
2017.08.28 09:31:43.950,1.13706,1.13718,1.25,2.29
2017.08.28 09:31:44.460,1.13706,1.13719,1.69,2.66
2017.08.28 09:31:44.720,1.13706,1.13719,3.37,1.91
2017.08.28 09:31:45.076,1.13706,1.13718,1.87,1.00
2017.08.28 09:31:45.962,1.13705,1.13718,6.00,1.00
2017.08.28 09:31:46.967,1.13703,1.13715,2.62,1.00
2017.08.28 09:31:47.507,1.13702,1.13714,1.81,1.00
2017.08.28 09:31:47.814,1.13708,1.13719,1.00,8.36
2017.08.28 09:31:47.916,1.13708,1.1372,1.00,3.22
2017.08.28 09:31:48.450,1.13706,1.13719,3.37,1.25
2017.08.28 09:31:48.975,1.13708,1.13719,1.25,1.00
2017.08.28 09:31:50.712,1.13707,1.13719,2.25,1.00
2017.08.28 09:31:53.286,1.13708,1.13719,1.00,1.25
2017.08.28 09:31:53.881,1.13711,1.13719,1.00,1.00
2017.08.28 09:31:54.187,1.13713,1.13723,1.00,1.50
2017.08.28 09:31:54.290,1.13711,1.13721,1.00,1.00
2017.08.28 09:31:54.596,1.13713,1.13721,1.00,1.50
2017.08.28 09:31:55.119,1.13712,1.13721,1.00,1.50
2017.08.28 09:31:56.835,1.13709,1.1372,1.50,1.00
2017.08.28 09:32:01.194,1.13709,1.13719,1.00,1.00
2017.08.28 09:32:01.794,1.13708,1.1372,3.00,1.50
2017.08.28 09:32:02.341,1.13708,1.1372,3.00,1.50
2017.08.28 09:32:02.861,1.13709,1.1372,2.06,1.00
2017.08.28 09:32:03.508,1.13709,1.13721,3.00,1.50
2017.08.28 09:32:03.661,1.13712,1.13721,1.00,1.50
2017.08.28 09:32:07.258,1.13709,1.13721,2.06,1.87
2017.08.28 09:32:08.112,1.13708,1.1372,3.00,1.12
2017.08.28 09:32:08.632,1.13708,1.1372,1.50,2.25
2017.08.28 09:32:09.347,1.13707,1.13719,1.31,1.12
2017.08.28 09:32:09.871,1.13708,1.1372,1.12,2.85
2017.08.28 09:32:10.937,1.13708,1.1372,1.44,2.85
2017.08.28 09:32:11.446,1.13707,1.1372,3.00,2.85
2017.08.28 09:32:11.965,1.13708,1.1372,1.12,2.47
2017.08.28 09:32:13.721,1.13708,1.1372,1.12,2.85
2017.08.28 09:32:14.104,1.13706,1.13717,2.62,1.00
2017.08.28 09:32:14.626,1.13706,1.13717,3.00,1.00
2017.08.28 09:32:15.775,1.13711,1.13721,1.25,1.12
2017.08.28 09:32:15.828,1.13712,1.13721,1.00,1.12
2017.08.28 09:32:16.338,1.1371,1.13722,1.12,2.10
2017.08.28 09:32:17.260,1.13708,1.1372,2.44,1.00
2017.08.28 09:32:17.872,1.13708,1.1372,4.50,1.00
2017.08.28 09:32:31.645,1.13707,1.13719,4.87,1.00
2017.08.28 09:32:31.697,1.13704,1.13716,2.51,1.00
2017.08.28 09:32:32.330,1.13703,1.13716,2.25,1.12
2017.08.28 09:32:32.856,1.13703,1.13716,2.25,1.91
2017.08.28 09:32:33.987,1.13703,1.13716,2.25,1.91
2017.08.28 09:32:34.889,1.13704,1.13716,1.44,1.12
2017.08.28 09:32:35.490,1.13706,1.13717,1.00,1.72
2017.08.28 09:32:36.362,1.13703,1.13715,1.00,1.00
2017.08.28 09:32:36.414,1.13702,1.13713,1.87,1.00
2017.08.28 09:32:36.467,1.13702,1.13715,1.12,1.00
2017.08.28 09:32:36.519,1.13705,1.13717,1.25,2.29
2017.08.28 09:32:36.862,1.13707,1.13718,1.69,1.00
2017.08.28 09:32:37.640,1.13713,1.13722,1.00,1.87
2017.08.28 09:32:37.691,1.13709,1.13722,3.56,1.50
2017.08.28 09:32:37.743,1.13712,1.13722,1.00,2.10
2017.08.28 09:32:50.876,1.13713,1.13723,1.00,3.26
2017.08.28 09:32:51.878,1.13712,1.13723,1.00,2.66
2017.08.28 09:32:55.106,1.13713,1.13721,1.00,1.30
2017.08.28 09:32:55.710,1.13712,1.13721,1.00,1.30
2017.08.28 09:32:56.199,1.13712,1.13723,1.50,1.00
2017.08.28 09:32:56.303,1.1371,1.13722,3.37,1.72
2017.08.28 09:32:59.429,1.13711,1.13722,1.00,1.30
2017.08.28 09:33:00.798,1.13712,1.13722,1.00,1.30
2017.08.28 09:33:01.307,1.13711,1.13722,1.25,2.10
2017.08.28 09:33:01.815,1.13712,1.13722,1.00,2.10
2017.08.28 09:33:02.339,1.13712,1.13722,1.00,1.72
2017.08.28 09:33:06.993,1.13714,1.13723,1.00,1.87
2017.08.28 09:33:07.534,1.13714,1.13724,1.00,1.87
2017.08.28 09:33:09.426,1.13713,1.13722,1.00,1.00
2017.08.28 09:33:09.949,1.13713,1.13723,1.00,1.12
2017.08.28 09:33:11.947,1.13713,1.13722,1.00,1.00
2017.08.28 09:33:20.407,1.13713,1.13723,1.00,1.12
2017.08.28 09:33:31.218,1.13714,1.13723,1.00,1.12
2017.08.28 09:33:41.159,1.13714,1.13722,1.00,1.00
2017.08.28 09:33:41.601,1.13715,1.13724,1.00,2.25
2017.08.28 09:33:42.102,1.13717,1.13724,1.00,1.00
2017.08.28 09:33:42.153,1.13723,1.13731,1.00,1.35
2017.08.28 09:33:46.496,1.13727,1.13734,1.00,1.35
2017.08.28 09:33:46.649,1.13728,1.13737,1.00,1.35
2017.08.28 09:33:46.853,1.1373,1.13738,1.00,1.60
2017.08.28 09:33:50.092,1.13727,1.13735,1.00,1.05
2017.08.28 09:33:54.859,1.13728,1.13736,1.00,1.16
2017.08.28 09:33:55.675,1.13728,1.13737,1.00,1.16
2017.08.28 09:34:03.078,1.13728,1.13737,1.00,1.16
2017.08.28 09:34:05.385,1.13728,1.13738,1.00,1.91
2017.08.28 09:34:05.895,1.13728,1.13738,1.00,1.91
2017.08.28 09:34:08.101,1.13728,1.13738,1.00,1.54
2017.08.28 09:34:11.059,1.13725,1.13737,1.12,1.00
2017.08.28 09:34:21.053,1.13724,1.13735,2.06,1.00
2017.08.28 09:34:21.789,1.13724,1.13736,3.56,1.00
2017.08.28 09:34:22.689,1.13725,1.13736,1.50,1.00
2017.08.28 09:34:25.567,1.13725,1.13736,1.12,1.00
2017.08.28 09:34:31.564,1.13724,1.13736,3.19,1.00
2017.08.28 09:34:34.565,1.13724,1.13736,3.94,1.00
2017.08.28 09:34:37.404,1.13725,1.13735,1.50,1.00
2017.08.28 09:34:37.914,1.13725,1.13735,1.69,1.00
2017.08.28 09:34:38.442,1.13726,1.13735,1.00,1.00
2017.08.28 09:34:38.998,1.13726,1.13735,1.75,1.00
2017.08.28 09:34:41.918,1.13724,1.13735,3.00,1.00
2017.08.28 09:34:44.468,1.13724,1.13736,3.56,1.00
2017.08.28 09:34:44.774,1.13726,1.13737,1.75,1.00
2017.08.28 09:34:44.927,1.13729,1.1374,1.00,1.00
2017.08.28 09:34:46.679,1.13729,1.13741,2.81,1.00
2017.08.28 09:34:46.730,1.13729,1.13738,1.87,1.00
2017.08.28 09:34:47.257,1.13727,1.13739,4.31,1.00
2017.08.28 09:34:47.790,1.13728,1.1374,1.69,1.00
2017.08.28 09:34:48.310,1.13728,1.13741,3.19,1.25
2017.08.28 09:34:48.819,1.1373,1.13741,1.12,1.00
2017.08.28 09:34:51.013,1.13731,1.13741,1.00,1.00
2017.08.28 09:34:56.993,1.1373,1.13742,3.37,1.00
2017.08.28 09:34:58.740,1.1373,1.13743,3.56,1.00
2017.08.28 09:34:59.199,1.13731,1.13743,1.12,1.00
2017.08.28 09:35:02.187,1.13731,1.13743,1.69,1.00
2017.08.28 09:35:10.811,1.13731,1.13742,1.31,1.00
2017.08.28 09:35:11.347,1.13731,1.13742,1.00,1.00
2017.08.28 09:35:11.966,1.13731,1.13742,1.19,1.12
2017.08.28 09:35:14.761,1.13731,1.13742,1.31,1.00
2017.08.28 09:35:15.301,1.13731,1.13742,2.06,1.00
2017.08.28 09:35:16.789,1.13731,1.13743,3.56,1.00
2017.08.28 09:35:18.762,1.13731,1.13743,3.56,1.00
2017.08.28 09:35:19.278,1.13731,1.13743,3.56,1.00
2017.08.28 09:35:19.813,1.13731,1.13743,4.31,1.00
2017.08.28 09:35:20.363,1.13732,1.13744,1.25,1.00
2017.08.28 09:35:22.894,1.13731,1.13743,2.81,1.00
2017.08.28 09:35:25.526,1.13731,1.13743,2.06,1.00
2017.08.28 09:35:26.074,1.13731,1.13743,2.06,1.00
2017.08.28 09:35:28.079,1.13732,1.13745,1.25,2.44
2017.08.28 09:35:28.388,1.13736,1.13749,4.16,1.12
2017.08.28 09:35:30.558,1.13736,1.13749,3.60,1.12
2017.08.28 09:35:31.799,1.13736,1.13749,3.60,1.00
2017.08.28 09:35:34.569,1.13736,1.13748,4.72,1.00
2017.08.28 09:35:34.916,1.13734,1.13743,1.37,1.00
2017.08.28 09:35:35.378,1.13732,1.13743,1.12,1.00
2017.08.28 09:35:35.886,1.13731,1.13744,3.75,1.00
2017.08.28 09:35:36.500,1.13731,1.13744,3.75,1.00
2017.08.28 09:35:37.043,1.13731,1.13744,3.56,1.00
2017.08.28 09:35:40.578,1.13732,1.13744,1.69,1.00
2017.08.28 09:35:41.424,1.13732,1.13745,3.94,1.12
2017.08.28 09:35:41.629,1.13734,1.13746,3.00,1.50
2017.08.28 09:35:41.784,1.13735,1.13748,2.06,1.00
2017.08.28 09:35:42.382,1.13736,1.13748,1.31,1.00
2017.08.28 09:35:42.915,1.13736,1.13748,1.31,1.00
2017.08.28 09:35:43.509,1.13736,1.13748,1.69,1.12
2017.08.28 09:35:53.641,1.13736,1.13748,1.12,1.00
2017.08.28 09:35:54.150,1.13735,1.13747,2.66,1.00
2017.08.28 09:35:58.509,1.13735,1.13747,2.81,1.00
2017.08.28 09:35:59.027,1.13736,1.13748,1.69,1.00
2017.08.28 09:36:01.496,1.13736,1.13748,2.06,1.00
2017.08.28 09:36:04.898,1.13737,1.13749,1.69,1.00
2017.08.28 09:36:05.407,1.13737,1.1375,2.06,1.12
2017.08.28 09:36:06.818,1.13737,1.1375,2.06,1.12
2017.08.28 09:36:07.327,1.1374,1.13751,1.00,1.00
2017.08.28 09:36:08.259,1.1374,1.13751,1.19,1.00
2017.08.28 09:36:08.768,1.1374,1.13751,1.25,1.00
2017.08.28 09:36:09.317,1.1374,1.1375,1.00,1.00
2017.08.28 09:36:09.677,1.13739,1.13748,1.62,1.00
2017.08.28 09:36:10.130,1.13737,1.13748,2.06,1.00
2017.08.28 09:36:10.761,1.13738,1.13749,1.31,1.00
2017.08.28 09:36:16.442,1.13737,1.13748,2.06,1.00
2017.08.28 09:36:16.979,1.13736,1.13747,2.81,1.00
2017.08.28 09:36:17.670,1.13736,1.13746,1.30,1.00
2017.08.28 09:36:18.800,1.13735,1.13746,2.99,1.00
2017.08.28 09:36:21.580,1.13736,1.13746,1.37,1.00
2017.08.28 09:36:26.665,1.13736,1.13748,2.24,1.00
2017.08.28 09:36:26.717,1.13736,1.13746,1.30,1.00
2017.08.28 09:36:27.024,1.13737,1.13748,1.50,1.00
2017.08.28 09:36:29.450,1.13736,1.13747,1.62,1.00
2017.08.28 09:36:30.010,1.13736,1.13746,1.37,1.00
2017.08.28 09:36:31.504,1.13736,1.13746,1.00,1.00
2017.08.28 09:36:38.256,1.13734,1.13743,1.37,1.00
2017.08.28 09:36:38.563,1.1373,1.1374,1.87,1.00
2017.08.28 09:36:39.072,1.1373,1.13739,1.75,1.00
2017.08.28 09:36:39.646,1.1373,1.13739,1.00,1.00
2017.08.28 09:36:42.568,1.1373,1.13739,1.50,1.00
2017.08.28 09:36:43.099,1.1373,1.13738,1.50,1.00
2017.08.28 09:36:44.241,1.13731,1.13739,1.87,1.00
2017.08.28 09:36:44.750,1.13732,1.1374,1.00,1.00
2017.08.28 09:36:48.329,1.13732,1.13741,1.00,1.00
2017.08.28 09:36:48.873,1.13733,1.13741,1.12,1.00
2017.08.28 09:36:49.400,1.13732,1.13742,1.69,1.00
2017.08.28 09:36:50.289,1.13734,1.13744,1.00,1.00
2017.08.28 09:36:50.341,1.13736,1.13744,1.00,1.00
2017.08.28 09:36:50.873,1.13736,1.13745,1.25,1.00
2017.08.28 09:36:53.319,1.13736,1.13745,1.50,1.00
2017.08.28 09:36:54.305,1.13736,1.13744,1.50,1.00
2017.08.28 09:36:58.696,1.13735,1.13745,2.00,1.00
2017.08.28 09:36:59.258,1.13735,1.13745,1.00,1.00
2017.08.28 09:36:59.813,1.13734,1.13745,1.25,1.00
2017.08.28 09:37:00.324,1.13734,1.13744,1.00,1.00
2017.08.28 09:37:03.106,1.13734,1.13744,1.31,1.00
2017.08.28 09:37:03.661,1.13734,1.13744,1.31,1.00
2017.08.28 09:37:05.258,1.13734,1.13744,1.69,1.00
2017.08.28 09:37:06.418,1.13736,1.13744,1.00,1.00
2017.08.28 09:37:06.572,1.13737,1.13746,1.25,1.00
2017.08.28 09:37:06.776,1.13738,1.13747,2.00,1.00
2017.08.28 09:37:09.191,1.13737,1.13747,2.00,1.50
2017.08.28 09:37:09.243,1.13736,1.13744,1.12,1.00
2017.08.28 09:37:10.860,1.13735,1.13744,1.00,1.00
2017.08.28 09:37:11.371,1.13735,1.13745,1.50,1.00
2017.08.28 09:37:11.914,1.13734,1.13744,3.04,1.00
2017.08.28 09:37:12.468,1.13733,1.13743,2.06,1.00
2017.08.28 09:37:14.553,1.13734,1.13743,3.37,1.00
2017.08.28 09:37:17.554,1.13734,1.13743,2.19,1.00
2017.08.28 09:37:20.799,1.13734,1.13743,1.69,1.00
2017.08.28 09:37:23.561,1.13734,1.13743,1.94,1.00
2017.08.28 09:37:25.450,1.13734,1.13743,1.19,1.00
2017.08.28 09:37:25.958,1.13734,1.13743,1.25,1.00
2017.08.28 09:37:26.161,1.13733,1.13745,5.10,1.00
2017.08.28 09:37:26.213,1.13733,1.13742,3.22,1.00
2017.08.28 09:37:26.405,1.1373,1.13739,1.25,1.00
2017.08.28 09:37:26.915,1.1373,1.13738,1.25,1.00
2017.08.28 09:37:30.646,1.13731,1.13738,1.00,1.00
2017.08.28 09:37:32.211,1.13732,1.13738,1.00,1.00
2017.08.28 09:37:32.944,1.13732,1.13739,1.00,1.00
2017.08.28 09:37:34.276,1.13731,1.13739,1.00,1.00
2017.08.28 09:37:34.379,1.13729,1.13738,1.00,1.00
2017.08.28 09:37:34.481,1.13727,1.13737,1.54,1.00
2017.08.28 09:37:34.737,1.13729,1.13737,1.25,1.00
2017.08.28 09:37:35.043,1.13731,1.13739,1.00,1.00
2017.08.28 09:37:35.585,1.13728,1.1374,3.04,1.00
2017.08.28 09:37:36.369,1.13731,1.1374,1.00,1.00
2017.08.28 09:37:36.990,1.13732,1.1374,1.00,1.00
2017.08.28 09:37:39.424,1.13731,1.13741,1.00,1.00
2017.08.28 09:37:42.216,1.13732,1.13741,1.25,1.00
2017.08.28 09:37:42.267,1.13733,1.13743,1.25,1.00
2017.08.28 09:37:42.319,1.13735,1.13744,1.00,1.00
2017.08.28 09:37:44.894,1.13734,1.13743,1.25,1.00
2017.08.28 09:37:44.997,1.13732,1.13743,1.12,1.00
2017.08.28 09:37:45.296,1.13731,1.1374,1.12,1.00
2017.08.28 09:37:48.697,1.1373,1.1374,1.25,1.00
2017.08.28 09:37:50.247,1.13729,1.1374,2.06,1.00
2017.08.28 09:37:50.968,1.13728,1.13739,1.31,1.00
2017.08.28 09:37:51.278,1.13725,1.13737,2.25,1.00
2017.08.28 09:37:51.586,1.13728,1.13736,1.00,1.00
2017.08.28 09:37:51.901,1.13731,1.13738,1.00,1.00
2017.08.28 09:37:52.209,1.13733,1.1374,1.00,1.00
2017.08.28 09:37:54.921,1.13732,1.1374,1.00,1.00
2017.08.28 09:37:56.119,1.13731,1.1374,1.00,1.00
2017.08.28 09:38:00.845,1.13731,1.13742,1.87,1.50
2017.08.28 09:38:00.998,1.13735,1.13743,1.00,1.00
2017.08.28 09:38:01.516,1.13736,1.13743,1.00,1.00
2017.08.28 09:38:01.879,1.13735,1.13745,1.69,1.00
2017.08.28 09:38:02.187,1.13734,1.13745,1.50,1.00
2017.08.28 09:38:02.442,1.13734,1.13743,1.50,1.00
2017.08.28 09:38:02.964,1.13735,1.13743,1.25,1.00
2017.08.28 09:38:05.268,1.13735,1.13745,1.31,1.00
2017.08.28 09:38:05.803,1.13736,1.13745,1.25,1.00
2017.08.28 09:38:06.759,1.13736,1.13745,2.00,1.00
2017.08.28 09:38:09.207,1.13736,1.13745,1.25,1.00
2017.08.28 09:38:10.754,1.13735,1.13745,1.00,1.00
2017.08.28 09:38:11.281,1.13733,1.13744,3.00,1.00
2017.08.28 09:38:17.495,1.13734,1.13743,1.25,1.00
2017.08.28 09:38:19.944,1.13734,1.13745,1.50,1.00
2017.08.28 09:38:20.112,1.13735,1.13747,3.75,1.00
2017.08.28 09:38:20.419,1.13737,1.13747,1.87,1.00
2017.08.28 09:38:21.084,1.13737,1.13747,1.12,1.00
2017.08.28 09:38:28.301,1.13737,1.13747,1.50,1.00
2017.08.28 09:38:29.998,1.13737,1.13746,1.00,1.00
2017.08.28 09:38:30.050,1.13735,1.13744,2.62,1.00
2017.08.28 09:38:30.260,1.13733,1.13744,3.56,1.00
2017.08.28 09:38:32.878,1.13733,1.13744,1.50,1.00
2017.08.28 09:38:35.034,1.13733,1.13743,1.50,1.00
2017.08.28 09:38:39.765,1.13732,1.13743,3.00,1.00
2017.08.28 09:39:06.490,1.13733,1.13742,1.31,1.00
2017.08.28 09:39:06.638,1.13732,1.13742,1.50,1.00
2017.08.28 09:39:06.741,1.13729,1.1374,5.29,1.00
2017.08.28 09:39:07.250,1.13728,1.1374,5.85,1.00
2017.08.28 09:39:08.034,1.1373,1.1374,1.87,1.00
2017.08.28 09:39:08.624,1.13731,1.1374,1.19,1.00
2017.08.28 09:39:09.193,1.13731,1.1374,1.25,1.00
2017.08.28 09:39:09.727,1.13731,1.1374,1.19,1.00
2017.08.28 09:39:10.359,1.13731,1.1374,1.25,1.00
2017.08.28 09:39:11.094,1.13728,1.13739,4.35,1.00
2017.08.28 09:39:11.452,1.13727,1.13739,2.81,1.00
2017.08.28 09:39:11.990,1.13727,1.13739,2.06,1.00
2017.08.28 09:39:12.530,1.13727,1.13739,2.25,1.00
2017.08.28 09:39:16.553,1.13726,1.13738,3.04,1.00
2017.08.28 09:39:16.757,1.13728,1.13738,1.19,1.00
2017.08.28 09:39:17.764,1.1373,1.13738,1.00,1.00
2017.08.28 09:39:26.821,1.1373,1.13739,1.00,1.00
2017.08.28 09:39:31.785,1.13731,1.13739,1.00,1.00
2017.08.28 09:39:38.100,1.1373,1.13738,1.00,1.00
2017.08.28 09:39:38.151,1.13727,1.13738,1.00,1.00
2017.08.28 09:39:38.610,1.13726,1.13736,2.06,1.00
2017.08.28 09:39:38.763,1.13725,1.13735,1.50,1.00
2017.08.28 09:39:38.916,1.13723,1.13734,1.35,1.00
2017.08.28 09:39:39.463,1.13723,1.13733,2.06,1.00
2017.08.28 09:39:42.984,1.13723,1.13733,2.06,1.00
2017.08.28 09:39:43.497,1.13723,1.13733,2.06,1.00
2017.08.28 09:39:45.150,1.13722,1.13733,1.50,1.00
2017.08.28 09:39:45.658,1.13722,1.13733,1.31,1.00
2017.08.28 09:39:46.650,1.1372,1.13732,5.66,1.00
2017.08.28 09:39:47.162,1.13721,1.13732,1.44,1.00
2017.08.28 09:39:51.735,1.1372,1.13732,2.66,1.00
2017.08.28 09:39:51.838,1.1372,1.1373,2.10,1.00
2017.08.28 09:39:52.380,1.13719,1.13729,2.06,1.00
2017.08.28 09:39:52.888,1.1372,1.1373,1.25,1.00
2017.08.28 09:39:53.398,1.1372,1.1373,1.19,1.00
2017.08.28 09:39:53.812,1.13719,1.13731,1.31,1.00
2017.08.28 09:39:54.016,1.1372,1.1373,1.19,1.00
2017.08.28 09:39:54.577,1.1372,1.1373,1.00,1.00
2017.08.28 09:39:55.099,1.13719,1.1373,1.12,1.00
2017.08.28 09:39:57.298,1.13719,1.13729,1.12,1.00
2017.08.28 09:39:59.291,1.13719,1.13729,1.31,1.00
2017.08.28 09:40:00.156,1.13718,1.13729,1.50,1.00
2017.08.28 09:40:00.670,1.13717,1.13729,4.50,1.00
2017.08.28 09:40:07.177,1.13717,1.13728,3.04,1.00
2017.08.28 09:40:07.331,1.13716,1.13728,1.87,1.00
2017.08.28 09:40:07.382,1.13715,1.13726,2.25,1.00
2017.08.28 09:40:07.965,1.13716,1.13727,1.00,1.00
2017.08.28 09:40:08.336,1.13718,1.1373,1.50,1.50
2017.08.28 09:40:09.336,1.13718,1.1373,2.25,1.50
2017.08.28 09:40:11.334,1.13717,1.13727,1.00,1.00
2017.08.28 09:40:11.850,1.13716,1.13726,1.31,1.00
2017.08.28 09:40:12.487,1.13715,1.13726,3.94,1.00
2017.08.28 09:40:13.014,1.13716,1.13727,1.12,1.00
2017.08.28 09:40:13.599,1.13716,1.13728,2.06,1.12
2017.08.28 09:40:14.152,1.13716,1.13728,3.75,1.00
2017.08.28 09:40:21.189,1.13717,1.13727,1.00,1.00
2017.08.28 09:40:24.667,1.13716,1.13727,3.37,1.00
2017.08.28 09:40:37.622,1.13717,1.13727,1.00,1.00
2017.08.28 09:40:44.180,1.13716,1.13728,4.12,1.12
2017.08.28 09:40:54.083,1.13717,1.13728,1.87,1.00
2017.08.28 09:40:57.748,1.13717,1.13726,1.31,1.00
2017.08.28 09:40:57.799,1.13714,1.13725,2.25,1.00
2017.08.28 09:40:58.829,1.13714,1.13725,1.50,1.00
2017.08.28 09:41:06.235,1.13713,1.13724,2.29,1.00
2017.08.28 09:41:06.287,1.13719,1.13729,1.00,1.12
2017.08.28 09:41:06.592,1.13718,1.13728,1.00,1.87
2017.08.28 09:41:07.105,1.13718,1.13728,1.00,1.50
2017.08.28 09:41:11.010,1.13717,1.13728,1.00,1.87
2017.08.28 09:41:11.524,1.13718,1.13728,1.00,1.31
2017.08.28 09:41:12.666,1.13717,1.13728,1.00,1.31
2017.08.28 09:41:12.973,1.13716,1.13725,1.00,1.12
2017.08.28 09:41:13.076,1.13714,1.13725,1.00,1.37
2017.08.28 09:41:13.230,1.13714,1.13725,1.00,3.37
2017.08.28 09:41:13.773,1.13714,1.13724,1.00,1.91
2017.08.28 09:41:13.825,1.13711,1.13723,1.00,1.50
2017.08.28 09:41:13.876,1.13713,1.13724,1.00,1.91
2017.08.28 09:41:14.131,1.13711,1.13723,1.00,1.87
2017.08.28 09:41:14.182,1.13713,1.13724,1.00,1.91
2017.08.28 09:41:15.389,1.13714,1.13724,1.00,1.62
2017.08.28 09:41:15.930,1.13714,1.13724,1.00,1.25
2017.08.28 09:41:16.449,1.13714,1.13724,1.00,1.37
2017.08.28 09:41:18.142,1.13713,1.13724,1.00,1.62
2017.08.28 09:41:18.650,1.13714,1.13724,1.00,1.62
2017.08.28 09:41:19.320,1.13715,1.13725,1.00,1.31
2017.08.28 09:41:19.830,1.13715,1.13725,1.00,1.37
2017.08.28 09:41:20.351,1.13716,1.13725,1.00,1.37
2017.08.28 09:41:20.657,1.13714,1.13724,1.00,1.12
2017.08.28 09:41:29.346,1.13713,1.13722,1.00,1.50
2017.08.28 09:41:29.868,1.13713,1.13723,1.00,1.84
2017.08.28 09:41:30.472,1.13712,1.13723,1.00,2.02
2017.08.28 09:41:36.239,1.13712,1.13723,1.00,3.56
2017.08.28 09:41:38.005,1.13711,1.13723,1.00,4.31
2017.08.28 09:41:38.835,1.1371,1.13721,1.00,1.37
2017.08.28 09:41:39.142,1.13709,1.13719,1.00,1.31
2017.08.28 09:41:39.652,1.13709,1.1372,1.00,1.31
2017.08.28 09:41:40.126,1.13711,1.13721,1.00,1.12
2017.08.28 09:41:40.636,1.13711,1.13721,1.00,1.37
2017.08.28 09:41:45.072,1.13711,1.13722,1.00,4.31
2017.08.28 09:41:52.090,1.1371,1.13719,1.00,1.00
2017.08.28 09:41:52.295,1.13704,1.13715,1.12,1.00
2017.08.28 09:41:53.571,1.13704,1.13716,1.00,4.35
2017.08.28 09:41:56.807,1.13704,1.13715,1.00,1.31
2017.08.28 09:42:00.896,1.13704,1.13715,1.00,2.10
2017.08.28 09:42:01.113,1.13703,1.13715,1.00,4.35
2017.08.28 09:42:03.438,1.13702,1.13714,1.00,2.06
2017.08.28 09:42:03.753,1.13704,1.13714,1.00,1.31
2017.08.28 09:42:05.736,1.13702,1.13714,1.00,3.56
2017.08.28 09:42:05.890,1.137,1.13711,1.00,1.00
2017.08.28 09:42:06.429,1.137,1.13711,1.00,1.37
2017.08.28 09:42:07.522,1.13702,1.13711,1.00,1.37
2017.08.28 09:42:07.776,1.13703,1.13713,1.00,1.87
2017.08.28 09:42:12.085,1.13703,1.13714,1.00,1.62
2017.08.28 09:42:13.072,1.13701,1.13711,1.00,2.44
2017.08.28 09:42:13.378,1.13703,1.13713,1.00,1.50
2017.08.28 09:42:13.901,1.13702,1.13712,1.00,1.00
2017.08.28 09:42:14.519,1.13703,1.13713,1.00,1.37
2017.08.28 09:42:15.033,1.13704,1.13713,1.00,1.62
2017.08.28 09:42:16.146,1.13704,1.13713,1.00,1.00
2017.08.28 09:42:23.555,1.13705,1.13714,1.00,1.00
2017.08.28 09:42:23.709,1.13706,1.13717,1.00,1.87
2017.08.28 09:42:23.811,1.13708,1.13718,1.00,1.12
2017.08.28 09:42:24.344,1.13709,1.13719,1.00,1.31
2017.08.28 09:42:24.920,1.13707,1.13719,1.00,3.56
2017.08.28 09:42:25.023,1.13705,1.13716,1.00,1.37
2017.08.28 09:42:25.536,1.13705,1.13716,1.00,3.56
2017.08.28 09:42:25.946,1.13705,1.13716,1.00,1.12
2017.08.28 09:42:26.201,1.13705,1.13715,1.00,1.50
2017.08.28 09:42:26.520,1.13705,1.13716,1.00,1.50
2017.08.28 09:42:27.326,1.13706,1.13716,1.00,1.25
2017.08.28 09:42:27.875,1.13705,1.13716,1.00,1.87
2017.08.28 09:42:28.385,1.13706,1.13717,1.00,1.50
2017.08.28 09:42:29.701,1.13708,1.13718,1.00,1.56
2017.08.28 09:42:30.607,1.13709,1.13718,1.00,1.37
2017.08.28 09:42:35.036,1.13707,1.13718,1.00,1.62
2017.08.28 09:42:35.088,1.13705,1.13717,1.00,1.62
2017.08.28 09:42:35.382,1.13706,1.13715,1.00,1.19
2017.08.28 09:42:35.980,1.13705,1.13715,1.00,1.19
2017.08.28 09:42:36.443,1.13702,1.13713,1.00,1.87
2017.08.28 09:42:36.769,1.13702,1.13713,1.00,3.60
2017.08.28 09:42:38.005,1.13703,1.13713,1.00,1.62
2017.08.28 09:42:39.537,1.13704,1.13713,1.00,1.00
2017.08.28 09:42:41.593,1.13703,1.13714,1.00,1.87
2017.08.28 09:42:41.644,1.137,1.13712,1.69,1.12
2017.08.28 09:42:41.747,1.13702,1.13713,1.00,3.43
2017.08.28 09:42:41.798,1.13701,1.13713,1.00,3.81
2017.08.28 09:42:41.952,1.13703,1.13713,1.00,2.06
2017.08.28 09:42:42.464,1.13704,1.13714,1.00,1.12
2017.08.28 09:42:43.077,1.13704,1.13714,1.00,1.62
2017.08.28 09:42:43.626,1.13704,1.13713,1.00,1.12
2017.08.28 09:42:44.136,1.13704,1.13714,1.00,1.12
2017.08.28 09:42:45.809,1.13703,1.13714,1.00,1.31
2017.08.28 09:42:46.218,1.13704,1.13709,1.00,1.00
2017.08.28 09:42:46.269,1.13696,1.13706,1.50,1.87
2017.08.28 09:42:46.417,1.13694,1.13706,1.00,3.37
2017.08.28 09:42:46.469,1.13692,1.13704,1.00,2.44
2017.08.28 09:42:46.572,1.1369,1.13702,1.00,1.69
2017.08.28 09:42:46.624,1.1369,1.13702,1.00,2.25
2017.08.28 09:42:46.778,1.13691,1.13702,1.00,1.25
2017.08.28 09:42:47.332,1.13691,1.13702,1.00,1.62
2017.08.28 09:42:47.857,1.1369,1.137,1.00,1.00
2017.08.28 09:42:48.448,1.13691,1.13696,1.00,1.00
2017.08.28 09:42:48.500,1.13684,1.13694,2.62,1.37
2017.08.28 09:42:48.552,1.13687,1.13696,1.00,1.00
2017.08.28 09:42:48.862,1.13683,1.13693,1.00,1.12
2017.08.28 09:42:48.914,1.13683,1.13693,1.00,1.12
2017.08.28 09:42:49.426,1.13684,1.13694,1.00,1.00
2017.08.28 09:42:49.939,1.13684,1.13694,1.00,1.31
2017.08.28 09:42:50.472,1.13683,1.13692,1.50,1.12
2017.08.28 09:42:50.525,1.13679,1.1369,1.31,1.50
2017.08.28 09:42:50.577,1.13674,1.13684,3.07,1.00
2017.08.28 09:42:50.680,1.13667,1.13679,1.37,2.43
2017.08.28 09:42:50.732,1.13666,1.13678,1.37,2.81
2017.08.28 09:42:50.784,1.13664,1.13676,1.50,2.06
2017.08.28 09:42:51.292,1.13665,1.13676,1.00,1.87
2017.08.28 09:42:52.581,1.13665,1.13676,1.00,2.05
2017.08.28 09:42:52.684,1.13668,1.13677,1.00,1.50
2017.08.28 09:42:52.838,1.1367,1.13681,1.00,1.99
2017.08.28 09:42:52.991,1.13671,1.13681,1.00,1.30
2017.08.28 09:42:53.499,1.13672,1.13682,1.50,1.00
2017.08.28 09:42:54.416,1.13673,1.13683,1.00,1.12
2017.08.28 09:42:54.961,1.13673,1.13684,1.00,1.50
2017.08.28 09:42:55.477,1.13673,1.13684,1.00,2.05
2017.08.28 09:42:55.937,1.13675,1.13684,1.00,1.00
2017.08.28 09:42:56.527,1.13676,1.13685,1.00,1.12
2017.08.28 09:42:57.280,1.13676,1.13683,1.00,1.12
2017.08.28 09:42:57.332,1.13673,1.13684,1.00,1.12
2017.08.28 09:42:57.384,1.13671,1.13679,1.00,1.00
2017.08.28 09:42:57.435,1.13668,1.1368,1.69,1.00
2017.08.28 09:42:57.947,1.13669,1.1368,1.00,1.37
2017.08.28 09:43:00.070,1.1367,1.13678,1.00,1.00
2017.08.28 09:43:00.122,1.13666,1.13678,1.00,1.30
2017.08.28 09:43:00.173,1.13669,1.13679,1.00,1.50
2017.08.28 09:43:00.327,1.13675,1.13685,1.00,2.25
2017.08.28 09:43:00.481,1.13678,1.13687,1.00,1.37
2017.08.28 09:43:00.685,1.13678,1.13689,1.00,1.50
2017.08.28 09:43:00.789,1.13679,1.1369,1.00,1.12
2017.08.28 09:43:01.464,1.1368,1.13691,1.00,3.19
2017.08.28 09:43:01.974,1.1368,1.13691,1.00,1.56
2017.08.28 09:43:02.485,1.13679,1.13691,1.00,2.81
2017.08.28 09:43:03.021,1.13679,1.13691,1.00,3.56
2017.08.28 09:43:04.076,1.1368,1.13689,1.00,1.00
2017.08.28 09:43:05.314,1.1368,1.1369,1.00,1.00
2017.08.28 09:43:07.345,1.1368,1.1369,1.00,1.62
2017.08.28 09:43:07.949,1.13677,1.13688,1.00,1.31
2017.08.28 09:43:08.157,1.13679,1.13689,1.00,1.57
2017.08.28 09:43:08.209,1.1368,1.1369,1.00,1.00
2017.08.28 09:43:09.187,1.1368,1.13691,1.00,1.87
2017.08.28 09:43:10.676,1.1368,1.13689,1.00,1.00
2017.08.28 09:43:10.982,1.13682,1.13693,1.00,2.25
2017.08.28 09:43:11.085,1.13685,1.13693,1.00,1.00
2017.08.28 09:43:11.188,1.13685,1.13696,1.00,1.62
2017.08.28 09:43:11.730,1.13686,1.13696,1.00,1.10
2017.08.28 09:43:13.340,1.13686,1.13697,1.00,2.06
2017.08.28 09:43:13.876,1.13686,1.13697,1.00,1.95
2017.08.28 09:43:15.103,1.13687,1.13697,1.00,1.45
2017.08.28 09:43:16.632,1.13686,1.13698,1.00,2.06
2017.08.28 09:43:16.736,1.13684,1.13696,1.00,3.00
2017.08.28 09:43:17.247,1.13683,1.13695,1.00,2.51
2017.08.28 09:43:17.979,1.13685,1.13695,1.00,1.37
2017.08.28 09:43:18.031,1.13685,1.13696,1.00,1.00
2017.08.28 09:43:18.546,1.13686,1.13697,1.00,1.70
2017.08.28 09:43:19.106,1.13688,1.13698,1.00,2.14
2017.08.28 09:43:19.208,1.13688,1.13698,1.00,1.39
2017.08.28 09:43:19.483,1.13689,1.137,1.00,1.10
2017.08.28 09:43:20.014,1.1369,1.137,1.00,1.10
2017.08.28 09:43:22.228,1.1369,1.137,1.00,1.76
2017.08.28 09:43:24.946,1.1369,1.137,1.00,1.25
2017.08.28 09:43:25.451,1.13691,1.13702,1.00,2.25
2017.08.28 09:43:25.503,1.13692,1.13702,1.00,1.87
2017.08.28 09:43:25.969,1.13688,1.137,1.12,1.00
2017.08.28 09:43:26.022,1.13687,1.13699,1.00,1.37
2017.08.28 09:43:26.329,1.13684,1.13694,1.00,1.00
2017.08.28 09:43:26.733,1.13682,1.13693,1.00,1.25
2017.08.28 09:43:27.612,1.13682,1.13693,1.00,1.37
2017.08.28 09:43:28.370,1.13682,1.13693,1.00,1.25
2017.08.28 09:43:28.523,1.13684,1.13694,1.00,1.37
2017.08.28 09:43:29.034,1.13684,1.13695,1.00,1.50
2017.08.28 09:43:29.474,1.1368,1.1369,1.25,1.00
2017.08.28 09:43:29.832,1.13682,1.13694,1.00,1.50
2017.08.28 09:43:30.897,1.13685,1.13694,1.00,1.00
2017.08.28 09:43:31.205,1.13686,1.13697,1.00,1.37
2017.08.28 09:43:33.086,1.13688,1.13697,1.00,1.69
2017.08.28 09:43:33.239,1.13689,1.13701,1.00,1.37
2017.08.28 09:43:33.743,1.1369,1.137,1.00,1.12
2017.08.28 09:43:34.762,1.1369,1.13701,1.00,1.50
2017.08.28 09:43:42.589,1.13688,1.137,1.00,3.37
2017.08.28 09:43:43.049,1.13686,1.13697,1.00,1.12
2017.08.28 09:43:43.502,1.13688,1.13698,1.00,1.00
2017.08.28 09:43:44.105,1.13687,1.13698,1.00,2.06
2017.08.28 09:43:50.733,1.13687,1.13697,1.00,2.25
2017.08.28 09:43:53.690,1.13689,1.13697,1.00,1.00
2017.08.28 09:43:53.843,1.13689,1.13701,1.00,1.87
2017.08.28 09:43:54.099,1.1369,1.13701,1.00,1.12
2017.08.28 09:43:54.692,1.13689,1.137,1.00,1.00
2017.08.28 09:43:54.744,1.13687,1.13699,1.00,1.25
2017.08.28 09:43:54.797,1.13689,1.137,1.00,5.06
2017.08.28 09:43:55.203,1.13687,1.13698,1.00,1.00
2017.08.28 09:43:55.305,1.13691,1.137,1.00,1.62
2017.08.28 09:43:55.408,1.13689,1.13701,1.00,2.06
2017.08.28 09:43:55.511,1.13692,1.13702,1.00,2.06
2017.08.28 09:43:55.766,1.13694,1.13704,1.00,1.05
2017.08.28 09:43:56.292,1.13694,1.13703,1.00,1.12
2017.08.28 09:43:56.803,1.13694,1.13704,1.00,2.74
2017.08.28 09:44:01.236,1.13693,1.13704,1.00,2.55
2017.08.28 09:44:01.287,1.1369,1.137,1.00,1.00
2017.08.28 09:44:01.728,1.13692,1.137,1.00,1.12
2017.08.28 09:44:02.239,1.13692,1.13702,1.00,2.06
2017.08.28 09:44:03.972,1.13693,1.13702,1.00,1.69
2017.08.28 09:44:04.127,1.13689,1.137,1.00,3.00
2017.08.28 09:44:04.179,1.13688,1.13698,1.00,1.87
2017.08.28 09:44:04.282,1.13686,1.13696,1.00,1.12
2017.08.28 09:44:08.310,1.13687,1.13697,1.00,1.00
2017.08.28 09:44:08.720,1.13689,1.137,1.00,1.12
2017.08.28 09:44:08.771,1.1369,1.137,1.00,1.00
2017.08.28 09:44:09.280,1.1369,1.13701,1.00,1.69
2017.08.28 09:44:12.288,1.13687,1.13697,1.00,1.37
2017.08.28 09:44:12.801,1.13686,1.13695,1.00,1.12
2017.08.28 09:44:14.610,1.13686,1.13696,1.00,2.14
2017.08.28 09:44:18.581,1.13685,1.13697,1.00,2.81
2017.08.28 09:44:18.683,1.13683,1.13695,1.00,1.25
2017.08.28 09:44:18.735,1.13682,1.13694,1.00,4.87
2017.08.28 09:44:19.247,1.13681,1.13691,1.00,1.50
2017.08.28 09:44:20.221,1.13681,1.13691,1.00,1.00
2017.08.28 09:44:21.429,1.13679,1.13691,1.00,3.45
2017.08.28 09:44:21.482,1.13677,1.13689,1.00,1.12
2017.08.28 09:44:21.533,1.13678,1.13689,1.00,1.50
2017.08.28 09:44:21.781,1.13679,1.13689,1.00,1.10
2017.08.28 09:44:21.833,1.13681,1.13691,1.00,2.62
2017.08.28 09:44:21.885,1.1368,1.13692,1.00,2.25
2017.08.28 09:44:21.936,1.13679,1.1369,1.00,1.37
2017.08.28 09:44:22.401,1.13679,1.1369,1.00,3.75
2017.08.28 09:44:22.555,1.13681,1.13691,1.00,1.00
2017.08.28 09:44:23.086,1.13682,1.13692,1.00,1.62
2017.08.28 09:44:23.655,1.13677,1.13689,1.00,1.25
2017.08.28 09:44:23.758,1.13677,1.13688,1.00,1.37
2017.08.28 09:44:24.104,1.13683,1.13691,1.00,1.00
2017.08.28 09:44:24.311,1.13684,1.13694,1.00,1.37
2017.08.28 09:44:24.823,1.13685,1.13695,1.00,1.12
2017.08.28 09:44:27.019,1.13682,1.13694,1.00,1.12
2017.08.28 09:44:27.071,1.13683,1.13692,1.00,1.00
2017.08.28 09:44:27.378,1.13681,1.13691,1.00,1.00
2017.08.28 09:44:27.481,1.13684,1.13693,1.00,1.75
2017.08.28 09:44:27.761,1.13684,1.13695,1.00,1.37
2017.08.28 09:44:30.037,1.13685,1.13695,1.00,2.06
2017.08.28 09:44:30.089,1.13683,1.13693,1.00,1.75
2017.08.28 09:44:30.243,1.13683,1.13694,1.00,1.37
2017.08.28 09:44:30.600,1.1368,1.13692,1.00,1.69
2017.08.28 09:44:30.943,1.1367,1.13682,1.00,1.00
2017.08.28 09:44:30.994,1.13668,1.13679,1.12,1.00
2017.08.28 09:44:31.304,1.13679,1.13689,1.00,1.12
2017.08.28 09:44:31.407,1.1368,1.13689,1.00,1.00
2017.08.28 09:44:31.511,1.13681,1.13692,1.00,2.25
2017.08.28 09:44:33.150,1.13682,1.13692,1.00,1.87
2017.08.28 09:44:33.215,1.13678,1.13689,1.00,1.87
2017.08.28 09:44:33.267,1.13678,1.13688,1.00,1.12
2017.08.28 09:44:33.318,1.13678,1.13688,1.00,1.50
2017.08.28 09:44:33.624,1.13678,1.13688,1.00,1.12
2017.08.28 09:44:34.134,1.13678,1.13688,1.00,1.37
2017.08.28 09:44:38.424,1.13679,1.13688,1.00,1.00
2017.08.28 09:44:38.526,1.1368,1.13691,1.00,1.50
2017.08.28 09:44:39.046,1.13681,1.13691,1.00,1.00
2017.08.28 09:44:43.167,1.13682,1.13691,1.00,1.12
2017.08.28 09:44:43.371,1.13683,1.13693,1.00,1.87
2017.08.28 09:44:49.142,1.13683,1.13692,1.00,1.00
2017.08.28 09:44:49.674,1.13683,1.13693,1.00,1.69
2017.08.28 09:44:50.346,1.13683,1.13692,1.00,1.00
2017.08.28 09:44:51.194,1.13682,1.13692,1.00,1.00
2017.08.28 09:44:51.703,1.13681,1.13691,1.00,1.31
2017.08.28 09:44:52.464,1.13681,1.1369,1.00,1.00
2017.08.28 09:44:54.048,1.13681,1.13691,1.00,1.31
2017.08.28 09:44:54.598,1.13682,1.13691,1.00,1.31
2017.08.28 09:44:55.107,1.13682,1.13692,1.00,1.12
2017.08.28 09:44:57.225,1.13683,1.13693,1.00,1.69
2017.08.28 09:44:57.328,1.13683,1.13693,1.00,1.31
2017.08.28 09:44:57.481,1.13682,1.13693,1.00,1.87
2017.08.28 09:44:58.285,1.13683,1.13693,1.00,2.62
2017.08.28 09:44:58.490,1.13681,1.13692,1.00,1.69
2017.08.28 09:44:59.051,1.13681,1.13691,1.00,1.00
2017.08.28 09:45:00.375,1.13682,1.13691,1.00,1.00
2017.08.28 09:45:00.876,1.13682,1.13692,1.00,2.25
2017.08.28 09:45:01.387,1.13682,1.13691,1.00,1.00
2017.08.28 09:45:01.540,1.13679,1.13692,1.00,4.87
2017.08.28 09:45:01.581,1.13678,1.1369,1.00,3.37
2017.08.28 09:45:01.887,1.1368,1.13691,1.00,1.35
2017.08.28 09:45:02.437,1.13681,1.13691,1.00,1.50
2017.08.28 09:45:03.324,1.13681,1.1369,1.00,1.00
2017.08.28 09:45:03.446,1.13679,1.1369,1.00,1.00
2017.08.28 09:45:03.605,1.13681,1.1369,1.00,1.25
2017.08.28 09:45:03.810,1.13682,1.13692,1.00,1.50
2017.08.28 09:45:04.320,1.13682,1.13692,1.00,2.62
2017.08.28 09:45:05.165,1.13681,1.13691,1.00,1.12
2017.08.28 09:45:05.267,1.13679,1.1369,1.00,1.87
2017.08.28 09:45:05.319,1.13678,1.13689,1.00,2.25
2017.08.28 09:45:05.829,1.13677,1.13686,1.00,1.12
2017.08.28 09:45:10.315,1.13678,1.13688,1.00,1.12
2017.08.28 09:45:10.367,1.13678,1.13688,1.00,1.00
2017.08.28 09:45:10.878,1.1368,1.13691,1.00,2.81
2017.08.28 09:45:11.089,1.13681,1.13691,1.00,1.12
2017.08.28 09:45:13.317,1.13682,1.13692,1.00,2.81
2017.08.28 09:45:34.425,1.13683,1.13693,1.00,1.62
2017.08.28 09:45:34.477,1.13681,1.13693,1.00,1.50
2017.08.28 09:45:34.529,1.13683,1.13693,1.00,1.75
2017.08.28 09:45:34.888,1.13684,1.13694,1.00,1.37
2017.08.28 09:45:34.990,1.13685,1.13695,1.00,2.62
2017.08.28 09:45:35.590,1.13685,1.13696,1.00,1.31
2017.08.28 09:45:36.100,1.13685,1.13696,1.00,1.31
2017.08.28 09:45:37.087,1.13687,1.13697,1.00,1.56
2017.08.28 09:45:37.139,1.13687,1.13698,1.00,2.25
2017.08.28 09:45:37.191,1.13683,1.13694,1.00,1.00
2017.08.28 09:45:37.293,1.13682,1.13692,1.00,1.00
2017.08.28 09:45:37.854,1.13682,1.13693,1.00,1.50
2017.08.28 09:45:38.374,1.13683,1.13694,2.25,1.00
2017.08.28 09:45:39.078,1.13684,1.13694,1.00,1.00
2017.08.28 09:45:43.818,1.13681,1.13692,1.50,1.00
2017.08.28 09:45:43.870,1.1368,1.1369,1.12,1.00
2017.08.28 09:45:43.922,1.13682,1.13694,1.00,1.87
2017.08.28 09:45:43.974,1.13685,1.13694,1.00,1.50
2017.08.28 09:45:44.382,1.13687,1.13698,1.00,1.37
2017.08.28 09:45:44.586,1.13689,1.137,1.00,1.87
2017.08.28 09:45:45.114,1.1369,1.13701,1.00,3.56
2017.08.28 09:45:49.459,1.13691,1.137,1.00,1.12
2017.08.28 09:45:49.820,1.13689,1.137,1.00,1.37
2017.08.28 09:45:50.361,1.13689,1.13701,1.00,3.37
2017.08.28 09:45:56.005,1.13689,1.137,1.00,2.70
2017.08.28 09:46:01.283,1.1369,1.13699,1.00,1.20
2017.08.28 09:46:07.397,1.13691,1.137,1.00,1.57
2017.08.28 09:46:07.653,1.13691,1.13702,1.00,1.25
2017.08.28 09:46:08.162,1.13691,1.13702,1.00,2.14
2017.08.28 09:46:12.064,1.13692,1.13702,1.00,1.00
2017.08.28 09:46:12.229,1.13691,1.13701,1.00,1.37
2017.08.28 09:46:12.333,1.13689,1.137,1.00,1.37
2017.08.28 09:46:12.438,1.13691,1.137,1.00,1.00
2017.08.28 09:46:12.948,1.13692,1.13702,1.00,1.50
2017.08.28 09:46:13.458,1.13692,1.13702,1.00,1.00
2017.08.28 09:46:33.960,1.13693,1.13703,1.00,1.62
2017.08.28 09:46:40.353,1.13693,1.13703,1.00,2.06
2017.08.28 09:46:40.911,1.13693,1.13703,1.00,2.06
2017.08.28 09:46:43.755,1.13693,1.13704,1.00,1.87
2017.08.28 09:46:44.214,1.13695,1.13705,1.00,1.62
2017.08.28 09:46:44.265,1.13695,1.13706,1.00,1.25
2017.08.28 09:46:44.775,1.13696,1.13706,1.00,1.25
2017.08.28 09:46:45.322,1.13696,1.13705,1.00,1.00
2017.08.28 09:46:45.864,1.13696,1.13706,1.00,1.31
2017.08.28 09:46:54.963,1.13698,1.1371,1.00,1.87
2017.08.28 09:46:55.015,1.137,1.13711,1.00,1.37
2017.08.28 09:46:55.576,1.13699,1.13711,1.00,3.56
2017.08.28 09:46:56.515,1.13699,1.13709,1.00,1.00
2017.08.28 09:46:57.029,1.137,1.13709,1.00,1.00
2017.08.28 09:46:57.629,1.137,1.1371,1.00,1.31
2017.08.28 09:46:59.904,1.13701,1.13712,1.00,2.44
