2010.06.22 10:00:00.129,1.3629,1.36305,1.00,2.40
2010.06.22 10:00:00.658,1.36285,1.36305,8.30,1.60
2010.06.22 10:00:00.956,1.36285,1.3631,7.50,2.40
2010.06.22 10:00:01.710,1.36285,1.3631,8.30,1.60
2010.06.22 10:00:02.610,1.36285,1.36305,5.60,1.60
2010.06.22 10:00:02.891,1.3629,1.363,1.00,1.60
2010.06.22 10:00:07.712,1.3629,1.36305,1.00,3.20
2010.06.22 10:00:15.362,1.3629,1.36305,1.00,4.00
2010.06.22 10:00:15.675,1.3628,1.36305,1.60,8.20
2010.06.22 10:00:16.455,1.3628,1.36295,1.00,2.40
2010.06.22 10:00:16.806,1.3628,1.36295,1.00,4.00
2010.06.22 10:00:18.810,1.3628,1.3629,1.00,1.00
2010.06.22 10:00:18.948,1.3627,1.3628,3.30,1.00
2010.06.22 10:00:19.078,1.3627,1.3628,1.00,7.20
2010.06.22 10:00:19.212,1.36265,1.3628,5.60,7.20
2010.06.22 10:00:19.777,1.3627,1.36285,1.00,1.00
2010.06.22 10:00:19.933,1.3627,1.3628,1.00,1.00
2010.06.22 10:00:20.282,1.36265,1.3628,3.20,1.00
2010.06.22 10:00:21.951,1.36265,1.3628,2.40,1.00
2010.06.22 10:00:23.460,1.36265,1.3628,1.00,2.40
2010.06.22 10:00:23.598,1.36265,1.3628,1.00,6.40
2010.06.22 10:00:23.872,1.36265,1.3628,1.00,7.20
2010.06.22 10:00:25.063,1.36255,1.3627,1.60,1.00
2010.06.22 10:00:25.381,1.3625,1.36265,3.60,4.00
2010.06.22 10:00:25.700,1.36245,1.3626,3.40,1.60
2010.06.22 10:00:26.387,1.36245,1.3626,1.00,2.40
2010.06.22 10:00:26.669,1.36245,1.3626,2.60,1.00
2010.06.22 10:00:26.866,1.3625,1.36265,1.00,8.80
2010.06.22 10:00:27.497,1.3625,1.3626,1.00,1.60
2010.06.22 10:00:27.688,1.36245,1.3626,1.00,3.20
2010.06.22 10:00:28.485,1.3625,1.36265,1.00,5.20
2010.06.22 10:00:28.837,1.3625,1.36265,1.00,4.00
2010.06.22 10:00:29.601,1.3625,1.3627,6.50,4.40
2010.06.22 10:00:29.947,1.3626,1.36275,1.60,2.40
2010.06.22 10:00:30.697,1.3626,1.36275,1.60,4.00
2010.06.22 10:00:31.025,1.3626,1.36275,1.00,4.80
2010.06.22 10:00:31.799,1.36255,1.36275,2.40,8.80
2010.06.22 10:00:33.234,1.3625,1.3627,3.20,1.00
2010.06.22 10:00:33.580,1.3625,1.36275,3.20,10.10
2010.06.22 10:00:34.186,1.3625,1.36275,1.60,9.60
2010.06.22 10:00:34.488,1.36245,1.3626,1.60,6.40
2010.06.22 10:00:34.783,1.36245,1.36255,1.60,1.60
2010.06.22 10:00:35.576,1.3625,1.36255,1.00,1.60
2010.06.22 10:00:35.915,1.3625,1.36265,1.00,4.80
2010.06.22 10:00:37.141,1.3625,1.36265,1.60,4.80
2010.06.22 10:00:37.406,1.36245,1.3626,2.40,4.30
2010.06.22 10:00:38.095,1.36245,1.3626,2.40,4.00
2010.06.22 10:00:38.450,1.3624,1.3626,1.60,2.40
2010.06.22 10:00:38.795,1.36235,1.36255,6.70,1.60
2010.06.22 10:00:39.473,1.3624,1.3626,1.60,2.40
2010.06.22 10:00:39.816,1.36235,1.3626,5.90,2.40
2010.06.22 10:00:40.588,1.36235,1.3626,4.30,3.20
2010.06.22 10:00:40.893,1.36245,1.36265,3.20,4.40
2010.06.22 10:00:41.185,1.3625,1.36265,4.00,1.00
2010.06.22 10:00:41.483,1.36255,1.3627,1.00,2.40
2010.06.22 10:00:42.572,1.36255,1.36275,4.00,4.80
2010.06.22 10:00:42.902,1.36255,1.36275,4.80,4.80
2010.06.22 10:00:43.233,1.36255,1.36275,4.00,4.80
2010.06.22 10:00:44.063,1.36255,1.3627,1.00,1.60
2010.06.22 10:00:44.493,1.36255,1.36275,4.00,4.00
2010.06.22 10:00:45.382,1.3625,1.3627,4.30,2.40
2010.06.22 10:00:47.004,1.3625,1.3627,3.20,2.40
2010.06.22 10:00:50.177,1.36255,1.3627,1.00,2.40
2010.06.22 10:00:51.895,1.3625,1.3627,3.20,2.40
2010.06.22 10:00:52.245,1.36255,1.3627,2.40,1.60
2010.06.22 10:00:52.443,1.36255,1.3627,3.20,1.60
2010.06.22 10:00:53.293,1.36255,1.36275,1.00,4.00
2010.06.22 10:00:53.636,1.36255,1.3627,3.20,1.60
2010.06.22 10:00:54.403,1.3625,1.3627,7.50,2.40
2010.06.22 10:00:54.686,1.36245,1.3627,7.50,2.40
2010.06.22 10:00:54.963,1.36245,1.3627,6.70,2.40
2010.06.22 10:00:56.666,1.36245,1.3626,5.10,1.00
2010.06.22 10:00:56.912,1.36245,1.3627,5.10,4.00
2010.06.22 10:00:58.100,1.36245,1.3627,8.30,2.40
2010.06.22 10:01:00.383,1.3625,1.3627,1.00,1.60
2010.06.22 10:01:00.705,1.3625,1.3627,2.40,1.60
2010.06.22 10:01:01.443,1.3626,1.3627,1.60,1.60
2010.06.22 10:01:01.795,1.36255,1.3627,1.60,1.60
2010.06.22 10:01:02.735,1.36255,1.36275,4.00,4.80
2010.06.22 10:01:03.040,1.3626,1.36275,1.60,4.00
2010.06.22 10:01:06.939,1.3626,1.36275,1.00,4.00
2010.06.22 10:01:07.708,1.3626,1.36275,1.60,3.20
2010.06.22 10:01:09.680,1.3626,1.36275,2.00,4.00
2010.06.22 10:01:10.163,1.3626,1.36275,1.60,4.00
2010.06.22 10:01:10.380,1.3626,1.36275,1.60,3.20
2010.06.22 10:01:10.676,1.3626,1.36275,2.00,3.20
2010.06.22 10:01:12.672,1.36255,1.3627,1.60,1.00
2010.06.22 10:01:13.166,1.3626,1.36275,1.00,4.80
2010.06.22 10:01:13.493,1.3626,1.36275,2.40,1.60
2010.06.22 10:01:14.250,1.36265,1.3628,5.20,1.00
2010.06.22 10:01:14.598,1.3627,1.36285,1.00,5.60
2010.06.22 10:01:14.944,1.3627,1.3628,1.00,1.60
2010.06.22 10:01:15.984,1.3627,1.36285,1.60,3.20
2010.06.22 10:01:16.760,1.3627,1.36285,1.60,5.60
2010.06.22 10:01:17.060,1.36265,1.36275,1.60,1.00
2010.06.22 10:01:19.082,1.3625,1.3626,1.60,2.40
2010.06.22 10:01:19.270,1.36245,1.3626,1.00,3.20
2010.06.22 10:01:20.057,1.36245,1.3626,1.60,3.20
2010.06.22 10:01:20.407,1.3624,1.3626,6.90,4.00
2010.06.22 10:01:21.196,1.3624,1.36255,5.30,1.60
2010.06.22 10:01:22.100,1.36245,1.3626,1.60,3.20
2010.06.22 10:01:22.452,1.36245,1.36255,1.00,1.00
2010.06.22 10:01:22.768,1.36245,1.36255,1.60,5.60
2010.06.22 10:01:23.530,1.3624,1.3625,1.60,1.60
2010.06.22 10:01:23.752,1.36235,1.3625,3.20,1.60
2010.06.22 10:01:23.971,1.3624,1.3625,1.00,1.00
2010.06.22 10:01:24.715,1.3624,1.3625,1.00,2.40
2010.06.22 10:01:25.066,1.3624,1.3625,1.00,1.60
2010.06.22 10:01:25.860,1.3624,1.3625,1.60,1.60
2010.06.22 10:01:26.481,1.36235,1.3625,1.60,2.40
2010.06.22 10:01:27.264,1.36235,1.3625,1.60,6.00
2010.06.22 10:01:28.348,1.36235,1.3625,1.60,6.80
2010.06.22 10:01:28.615,1.36235,1.3625,1.60,5.20
2010.06.22 10:01:28.884,1.36235,1.36245,1.00,2.40
2010.06.22 10:01:29.588,1.3623,1.36245,2.40,3.20
2010.06.22 10:01:31.362,1.3623,1.36245,3.20,1.00
2010.06.22 10:01:32.870,1.36235,1.3625,1.00,7.60
2010.06.22 10:01:33.076,1.36235,1.3625,1.60,6.00
2010.06.22 10:01:33.270,1.36235,1.3625,1.60,6.80
2010.06.22 10:01:33.672,1.36235,1.3625,1.60,6.00
2010.06.22 10:01:34.463,1.36235,1.3625,1.60,6.80
2010.06.22 10:01:35.269,1.36235,1.3625,1.60,6.00
2010.06.22 10:01:35.935,1.36235,1.3625,1.60,5.20
2010.06.22 10:01:36.506,1.36235,1.3625,1.60,1.20
2010.06.22 10:01:38.033,1.3624,1.3625,1.60,1.00
2010.06.22 10:01:38.733,1.3624,1.36255,1.60,1.60
2010.06.22 10:01:39.084,1.3624,1.36255,2.00,1.60
2010.06.22 10:01:39.750,1.3624,1.36255,2.00,3.20
2010.06.22 10:01:44.394,1.3624,1.36255,1.60,3.20
2010.06.22 10:01:45.689,1.3624,1.36255,1.60,1.60
2010.06.22 10:01:48.694,1.3624,1.36245,1.00,1.60
2010.06.22 10:01:49.050,1.36225,1.3624,1.60,8.00
2010.06.22 10:01:49.809,1.36225,1.3624,1.60,8.80
2010.06.22 10:01:53.783,1.3623,1.3624,1.00,1.00
2010.06.22 10:01:55.113,1.3623,1.3625,1.00,6.40
2010.06.22 10:01:56.365,1.3623,1.3625,1.00,5.60
2010.06.22 10:01:56.712,1.36235,1.3625,1.00,1.00
2010.06.22 10:01:57.295,1.36235,1.36255,1.00,2.40
2010.06.22 10:01:58.078,1.36235,1.36255,1.00,1.60
2010.06.22 10:01:58.221,1.36235,1.36255,2.40,1.60
2010.06.22 10:01:58.800,1.36235,1.3626,4.00,4.80
2010.06.22 10:01:59.146,1.36235,1.36255,4.80,1.60
2010.06.22 10:01:59.495,1.36235,1.36255,2.40,4.00
2010.06.22 10:01:59.754,1.3623,1.3625,1.00,6.40
2010.06.22 10:02:00.011,1.3623,1.3625,1.00,4.80
2010.06.22 10:02:00.687,1.36235,1.3625,1.00,1.60
2010.06.22 10:02:00.936,1.36235,1.36255,1.00,3.20
2010.06.22 10:02:02.095,1.36235,1.3625,1.60,1.60
2010.06.22 10:02:02.440,1.36235,1.3625,1.00,1.60
2010.06.22 10:02:08.911,1.36235,1.3625,1.60,1.60
2010.06.22 10:02:10.155,1.36235,1.3625,2.40,1.60
2010.06.22 10:02:12.151,1.36235,1.36245,2.40,3.20
2010.06.22 10:02:12.355,1.36225,1.36235,2.40,1.60
2010.06.22 10:02:12.565,1.36225,1.36235,1.00,2.40
2010.06.22 10:02:13.198,1.3622,1.3623,1.00,2.40
2010.06.22 10:02:13.517,1.36215,1.3623,4.00,2.40
2010.06.22 10:02:14.141,1.36215,1.3623,1.60,3.20
2010.06.22 10:02:14.927,1.36225,1.3624,1.60,8.80
2010.06.22 10:02:15.270,1.36225,1.3624,1.60,9.20
2010.06.22 10:02:15.613,1.36225,1.3624,1.60,8.40
2010.06.22 10:02:18.295,1.36225,1.3624,1.60,6.80
2010.06.22 10:02:19.561,1.3623,1.3624,1.60,4.40
2010.06.22 10:02:19.901,1.36235,1.3624,1.60,1.00
2010.06.22 10:02:20.240,1.36235,1.3625,1.60,4.80
2010.06.22 10:02:20.991,1.36235,1.3625,1.00,3.20
2010.06.22 10:02:21.314,1.3623,1.3625,1.60,4.80
2010.06.22 10:02:24.361,1.3623,1.3625,1.00,4.80
2010.06.22 10:02:24.880,1.3623,1.3625,1.60,4.80
2010.06.22 10:02:25.127,1.36225,1.3624,1.00,1.60
2010.06.22 10:02:25.367,1.3622,1.3624,4.00,3.20
2010.06.22 10:02:26.038,1.3622,1.3624,4.00,2.40
2010.06.22 10:02:26.384,1.3622,1.3624,4.00,3.20
2010.06.22 10:02:27.074,1.3622,1.3624,6.40,3.20
2010.06.22 10:02:27.887,1.3623,1.36245,1.60,6.40
2010.06.22 10:02:28.983,1.3623,1.3625,1.90,4.80
2010.06.22 10:02:30.701,1.3623,1.3624,1.90,1.60
2010.06.22 10:02:31.920,1.3623,1.3624,2.70,1.60
2010.06.22 10:02:32.544,1.3623,1.3624,6.70,1.60
2010.06.22 10:02:32.674,1.3623,1.36235,1.60,1.60
2010.06.22 10:02:39.011,1.36235,1.3624,7.20,1.60
2010.06.22 10:02:39.169,1.36235,1.3624,3.20,1.60
2010.06.22 10:02:39.685,1.36235,1.3624,1.60,1.60
2010.06.22 10:02:41.274,1.3624,1.36255,1.00,4.00
2010.06.22 10:02:41.976,1.3624,1.36245,2.40,1.60
2010.06.22 10:02:42.333,1.36245,1.3625,1.00,1.60
2010.06.22 10:02:42.956,1.3624,1.3625,2.70,1.60
2010.06.22 10:02:43.366,1.36245,1.3625,1.00,1.60
2010.06.22 10:02:43.956,1.36245,1.3625,2.40,1.60
2010.06.22 10:02:44.306,1.36245,1.3625,1.60,1.60
2010.06.22 10:02:45.869,1.36245,1.3625,2.40,1.60
2010.06.22 10:02:46.010,1.36245,1.36255,3.20,1.60
2010.06.22 10:02:46.150,1.3625,1.36255,1.60,1.60
2010.06.22 10:02:46.674,1.3625,1.3626,1.60,1.60
2010.06.22 10:02:47.027,1.3624,1.3626,2.40,4.00
2010.06.22 10:02:47.371,1.3624,1.3626,1.60,4.00
2010.06.22 10:02:47.711,1.3624,1.3626,1.60,3.20
2010.06.22 10:02:47.999,1.3624,1.3626,1.60,4.00
2010.06.22 10:02:48.289,1.3624,1.3626,2.40,4.40
2010.06.22 10:02:49.000,1.3624,1.3626,1.60,4.00
2010.06.22 10:02:49.129,1.3624,1.3626,1.90,5.60
2010.06.22 10:02:49.199,1.3625,1.3626,2.40,3.60
2010.06.22 10:02:49.269,1.3625,1.3626,1.00,2.80
2010.06.22 10:02:49.341,1.3625,1.36255,1.00,1.60
2010.06.22 10:02:51.543,1.3625,1.36255,1.60,1.60
2010.06.22 10:02:52.975,1.3625,1.36255,1.00,1.60
2010.06.22 10:02:53.492,1.36245,1.36255,1.60,4.00
2010.06.22 10:02:53.959,1.3624,1.36245,2.70,1.60
2010.06.22 10:02:54.232,1.3624,1.36245,3.50,1.60
2010.06.22 10:02:54.573,1.36245,1.3626,1.60,1.60
2010.06.22 10:02:55.319,1.36245,1.3626,1.60,1.00
2010.06.22 10:02:55.640,1.36245,1.36265,2.40,2.40
2010.06.22 10:02:56.392,1.3625,1.36265,1.60,2.40
2010.06.22 10:02:56.714,1.36255,1.36265,1.00,1.00
2010.06.22 10:02:57.064,1.3625,1.36265,3.20,1.00
2010.06.22 10:02:57.829,1.3625,1.3627,4.80,1.00
2010.06.22 10:02:58.163,1.3625,1.3627,1.00,2.40
2010.06.22 10:02:58.489,1.3625,1.3627,2.30,2.40
2010.06.22 10:02:58.726,1.3626,1.3627,1.00,2.40
2010.06.22 10:02:59.190,1.3626,1.3627,1.00,1.00
2010.06.22 10:02:59.427,1.36255,1.3627,2.70,1.00
2010.06.22 10:02:59.651,1.36255,1.36275,2.70,2.40
2010.06.22 10:03:00.414,1.36255,1.36275,1.90,2.40
2010.06.22 10:03:00.783,1.3626,1.36275,1.10,1.60
2010.06.22 10:03:01.026,1.3626,1.36275,2.70,1.60
2010.06.22 10:03:01.931,1.3626,1.36275,1.90,1.60
2010.06.22 10:03:02.822,1.3626,1.36275,1.60,5.60
2010.06.22 10:03:03.130,1.3626,1.36275,1.60,6.40
2010.06.22 10:03:03.892,1.3626,1.36275,1.60,1.60
2010.06.22 10:03:07.686,1.3626,1.36275,1.90,1.60
2010.06.22 10:03:08.518,1.3626,1.36275,1.70,1.60
2010.06.22 10:03:09.200,1.3626,1.36275,3.30,1.60
2010.06.22 10:03:09.544,1.36265,1.3628,1.60,1.20
2010.06.22 10:03:09.803,1.36265,1.3628,1.60,1.00
2010.06.22 10:03:10.503,1.3627,1.3629,3.20,6.00
2010.06.22 10:03:10.761,1.3627,1.3629,3.20,1.60
2010.06.22 10:03:11.041,1.36275,1.3629,1.00,1.60
2010.06.22 10:03:11.978,1.36275,1.3629,1.60,1.60
2010.06.22 10:03:12.439,1.3628,1.3629,1.00,1.60
2010.06.22 10:03:13.071,1.3628,1.36295,1.60,5.60
2010.06.22 10:03:13.411,1.3628,1.36295,1.00,6.40
2010.06.22 10:03:13.750,1.3628,1.36295,1.60,5.60
2010.06.22 10:03:14.558,1.36275,1.3629,1.60,1.00
2010.06.22 10:03:15.227,1.3627,1.3629,2.40,1.00
2010.06.22 10:03:16.025,1.3627,1.3629,1.00,2.40
2010.06.22 10:03:16.694,1.36275,1.3629,1.00,1.00
2010.06.22 10:03:17.456,1.3627,1.3629,5.60,1.00
2010.06.22 10:03:17.609,1.3627,1.36285,1.60,1.00
2010.06.22 10:03:17.913,1.36265,1.3628,1.60,1.00
2010.06.22 10:03:18.512,1.36265,1.3628,1.60,3.20
2010.06.22 10:03:19.678,1.36265,1.3628,1.00,3.20
2010.06.22 10:03:20.029,1.36265,1.3628,1.60,3.20
2010.06.22 10:03:20.812,1.36255,1.36275,1.60,1.00
2010.06.22 10:03:21.060,1.36255,1.36275,2.40,8.00
2010.06.22 10:03:21.303,1.36255,1.3627,2.40,1.00
2010.06.22 10:03:22.703,1.3626,1.36275,1.60,4.00
2010.06.22 10:03:23.056,1.3626,1.36275,1.60,2.40
2010.06.22 10:03:23.995,1.36255,1.3626,2.40,1.00
2010.06.22 10:03:24.254,1.3625,1.3626,3.60,1.60
2010.06.22 10:03:24.736,1.36255,1.3626,1.60,1.60
2010.06.22 10:03:25.076,1.36255,1.3627,1.60,2.40
2010.06.22 10:03:26.034,1.3626,1.36275,1.00,8.80
2010.06.22 10:03:26.303,1.3626,1.36275,1.60,7.20
2010.06.22 10:03:26.655,1.3626,1.3627,1.00,1.00
2010.06.22 10:03:27.460,1.36255,1.36265,1.60,1.60
2010.06.22 10:03:27.724,1.3625,1.3626,1.60,1.00
2010.06.22 10:03:29.699,1.3625,1.36265,1.60,1.60
2010.06.22 10:03:31.489,1.36255,1.36265,1.60,1.60
2010.06.22 10:03:36.361,1.36255,1.36265,1.60,1.00
2010.06.22 10:03:36.560,1.36255,1.3627,2.70,1.60
2010.06.22 10:03:37.097,1.36255,1.3627,2.40,1.60
2010.06.22 10:03:42.139,1.36255,1.3627,3.20,1.00
2010.06.22 10:03:42.419,1.3626,1.36275,1.00,5.60
2010.06.22 10:03:42.539,1.36255,1.3627,3.20,1.00
2010.06.22 10:03:43.437,1.3626,1.3627,1.60,1.00
2010.06.22 10:03:43.583,1.36265,1.36275,2.40,1.60
2010.06.22 10:03:46.289,1.36265,1.36275,4.00,1.60
2010.06.22 10:03:46.851,1.36265,1.36275,4.00,1.00
2010.06.22 10:03:49.629,1.3627,1.36285,2.40,3.20
2010.06.22 10:03:49.918,1.3627,1.36285,2.40,4.00
2010.06.22 10:03:50.164,1.3627,1.36285,2.40,3.20
2010.06.22 10:03:51.343,1.3627,1.3628,1.60,1.00
2010.06.22 10:03:51.613,1.3627,1.3628,1.60,1.60
2010.06.22 10:03:53.144,1.3627,1.3628,2.40,1.00
2010.06.22 10:03:53.421,1.3627,1.36285,2.40,3.20
2010.06.22 10:03:54.852,1.3627,1.3629,3.20,9.60
2010.06.22 10:03:56.389,1.3627,1.3629,4.00,5.20
2010.06.22 10:03:56.614,1.36275,1.3629,1.60,5.20
2010.06.22 10:03:56.840,1.3627,1.36285,2.40,1.60
2010.06.22 10:03:57.064,1.3627,1.3629,4.00,5.20
2010.06.22 10:03:57.294,1.36275,1.3629,2.40,2.00
2010.06.22 10:03:58.200,1.36275,1.3629,2.40,1.60
2010.06.22 10:03:58.494,1.36275,1.36295,5.10,6.00
2010.06.22 10:03:58.673,1.36275,1.36295,4.30,1.00
2010.06.22 10:03:58.849,1.3628,1.363,1.00,7.60
2010.06.22 10:03:59.033,1.3628,1.363,1.00,4.40
2010.06.22 10:03:59.790,1.3628,1.363,1.00,4.00
2010.06.22 10:04:00.790,1.3628,1.363,1.00,4.80
2010.06.22 10:04:01.039,1.36275,1.363,5.90,4.80
2010.06.22 10:04:02.361,1.36275,1.363,5.10,4.80
2010.06.22 10:04:03.820,1.36275,1.363,4.30,4.80
2010.06.22 10:04:04.513,1.3627,1.3629,5.10,1.60
2010.06.22 10:04:04.731,1.3627,1.3629,4.00,1.60
2010.06.22 10:04:07.636,1.3627,1.3629,4.30,1.00
2010.06.22 10:04:07.851,1.3627,1.3629,4.30,1.60
2010.06.22 10:04:09.083,1.3628,1.3629,1.00,1.00
2010.06.22 10:04:09.380,1.3628,1.363,1.10,5.60
2010.06.22 10:04:09.677,1.3628,1.363,1.00,4.80
2010.06.22 10:04:10.452,1.3628,1.363,2.70,4.00
2010.06.22 10:04:10.800,1.3628,1.363,4.30,4.00
2010.06.22 10:04:11.001,1.3628,1.363,5.10,4.00
2010.06.22 10:04:11.400,1.3628,1.363,5.10,3.20
2010.06.22 10:04:11.999,1.3628,1.363,4.30,3.20
2010.06.22 10:04:12.696,1.36285,1.363,1.60,1.60
2010.06.22 10:04:12.954,1.36285,1.363,1.60,2.40
2010.06.22 10:04:13.150,1.3628,1.363,5.10,4.00
2010.06.22 10:04:14.519,1.3628,1.363,4.30,4.00
2010.06.22 10:04:16.679,1.3628,1.363,5.10,4.00
2010.06.22 10:04:17.264,1.3629,1.363,1.60,2.40
2010.06.22 10:04:17.397,1.36285,1.363,5.10,1.60
2010.06.22 10:04:17.528,1.36285,1.363,4.30,1.60
2010.06.22 10:04:18.281,1.36285,1.363,4.30,1.00
2010.06.22 10:04:18.623,1.36285,1.363,3.50,1.60
2010.06.22 10:04:19.402,1.36285,1.363,4.30,1.60
2010.06.22 10:04:20.274,1.3629,1.36305,1.60,4.00
2010.06.22 10:04:21.060,1.36295,1.3631,2.40,3.60
2010.06.22 10:04:21.376,1.3629,1.3631,1.90,2.00
2010.06.22 10:04:21.695,1.3629,1.3631,1.10,2.40
2010.06.22 10:04:22.458,1.363,1.3631,1.00,3.20
2010.06.22 10:04:22.806,1.363,1.3631,1.60,4.00
2010.06.22 10:04:23.159,1.363,1.36315,2.40,5.60
2010.06.22 10:04:23.629,1.363,1.36315,1.60,6.40
2010.06.22 10:04:23.900,1.36295,1.3631,1.00,1.00
2010.06.22 10:04:24.163,1.3629,1.3631,5.10,1.00
2010.06.22 10:04:24.505,1.3629,1.3631,5.10,3.20
2010.06.22 10:04:25.198,1.36295,1.36315,2.40,7.20
2010.06.22 10:04:25.441,1.363,1.36315,2.40,5.60
2010.06.22 10:04:25.684,1.363,1.36315,1.60,5.60
2010.06.22 10:04:26.155,1.363,1.36315,1.60,3.20
2010.06.22 10:04:26.405,1.3631,1.36325,1.60,5.60
2010.06.22 10:04:29.459,1.3631,1.36325,1.60,6.40
2010.06.22 10:04:32.881,1.36305,1.3632,2.40,2.40
2010.06.22 10:04:33.172,1.36305,1.3632,1.60,2.40
2010.06.22 10:04:36.268,1.363,1.36315,4.30,1.00
2010.06.22 10:04:36.541,1.36305,1.3632,1.00,2.40
2010.06.22 10:04:37.810,1.36305,1.3632,1.60,2.40
2010.06.22 10:04:38.932,1.363,1.3631,1.60,2.40
2010.06.22 10:04:39.275,1.3629,1.3631,1.00,4.80
2010.06.22 10:04:39.504,1.36285,1.36305,5.10,1.00
2010.06.22 10:04:39.729,1.36285,1.36305,4.30,1.00
2010.06.22 10:04:42.581,1.3629,1.36305,1.60,2.40
2010.06.22 10:04:42.701,1.3629,1.36305,1.60,1.00
2010.06.22 10:04:44.709,1.3629,1.36305,3.20,1.00
2010.06.22 10:04:46.119,1.3629,1.36305,1.60,1.00
2010.06.22 10:04:46.270,1.3629,1.36305,1.60,3.20
2010.06.22 10:04:46.418,1.3629,1.36305,1.60,4.80
2010.06.22 10:04:48.300,1.3629,1.36305,1.00,4.80
2010.06.22 10:04:48.421,1.3629,1.363,1.60,1.60
2010.06.22 10:04:49.441,1.3629,1.36305,1.60,4.80
2010.06.22 10:04:53.451,1.3629,1.363,1.00,1.00
2010.06.22 10:04:53.730,1.3629,1.36305,1.60,2.40
2010.06.22 10:04:54.233,1.3629,1.36305,1.60,4.00
2010.06.22 10:04:55.835,1.3628,1.363,1.00,4.80
2010.06.22 10:04:57.617,1.3628,1.36295,1.00,4.00
2010.06.22 10:04:57.964,1.3628,1.36295,1.60,5.60
2010.06.22 10:04:58.312,1.3628,1.36295,1.60,6.40
2010.06.22 10:04:59.352,1.3628,1.36295,1.60,5.60
2010.06.22 10:05:03.296,1.3628,1.36295,1.60,6.40
2010.06.22 10:05:04.325,1.3628,1.36295,1.60,3.20
2010.06.22 10:05:04.768,1.3628,1.36295,1.60,5.60
2010.06.22 10:05:06.320,1.3628,1.36295,1.60,3.20
2010.06.22 10:05:06.603,1.3628,1.36295,1.60,5.70
2010.06.22 10:05:11.362,1.3628,1.36295,1.60,4.10
2010.06.22 10:05:11.613,1.3628,1.36295,1.60,5.60
2010.06.22 10:05:11.857,1.3628,1.36295,2.40,1.60
2010.06.22 10:05:12.188,1.3628,1.36295,1.60,5.60
2010.06.22 10:05:12.961,1.3628,1.36295,1.60,4.00
2010.06.22 10:05:14.930,1.3628,1.363,1.60,5.70
2010.06.22 10:05:15.208,1.36285,1.36295,1.60,1.60
2010.06.22 10:05:15.996,1.36285,1.363,1.60,4.90
2010.06.22 10:05:16.178,1.36285,1.363,1.60,5.70
2010.06.22 10:05:16.355,1.36285,1.36295,1.60,1.60
2010.06.22 10:05:16.706,1.3628,1.36295,3.20,4.00
2010.06.22 10:05:17.486,1.3628,1.36295,1.60,4.00
2010.06.22 10:05:17.975,1.36285,1.363,1.60,5.30
2010.06.22 10:05:18.222,1.3629,1.363,1.60,1.00
2010.06.22 10:05:18.463,1.3629,1.36305,1.60,6.10
2010.06.22 10:05:18.701,1.3629,1.36305,1.60,6.50
2010.06.22 10:05:20.419,1.3629,1.36305,1.60,3.20
2010.06.22 10:05:21.099,1.3629,1.36305,1.60,5.60
2010.06.22 10:05:22.231,1.36285,1.36305,4.00,7.30
2010.06.22 10:05:22.571,1.36285,1.36305,4.00,6.50
2010.06.22 10:05:22.910,1.36285,1.36305,4.00,7.30
2010.06.22 10:05:24.502,1.36285,1.36305,3.20,7.30
2010.06.22 10:05:24.691,1.36285,1.363,1.60,1.00
2010.06.22 10:05:25.819,1.3629,1.36305,1.00,3.30
2010.06.22 10:05:28.853,1.3629,1.36305,1.10,1.70
2010.06.22 10:05:29.304,1.3629,1.36305,1.00,1.70
2010.06.22 10:05:29.581,1.3629,1.3631,3.90,3.30
2010.06.22 10:05:29.851,1.3629,1.3631,3.10,3.30
2010.06.22 10:05:30.120,1.3629,1.3631,3.10,3.20
2010.06.22 10:05:30.391,1.3629,1.3631,3.50,3.20
2010.06.22 10:05:30.665,1.36295,1.3631,1.00,4.10
2010.06.22 10:05:31.320,1.36295,1.3631,1.10,2.50
2010.06.22 10:05:31.546,1.36295,1.3631,1.00,1.00
2010.06.22 10:05:31.767,1.363,1.36315,1.00,5.70
2010.06.22 10:05:32.543,1.36295,1.3631,4.70,1.60
2010.06.22 10:05:32.886,1.36295,1.3631,1.90,1.70
2010.06.22 10:05:33.137,1.36295,1.3631,1.10,1.70
2010.06.22 10:05:33.779,1.36295,1.3631,1.00,1.70
2010.06.22 10:05:34.037,1.3631,1.3632,1.60,2.00
2010.06.22 10:05:34.324,1.3631,1.3632,1.60,1.60
2010.06.22 10:05:34.614,1.36305,1.3632,1.90,1.60
2010.06.22 10:05:35.501,1.3631,1.3632,1.60,1.60
2010.06.22 10:05:38.357,1.3631,1.36325,1.60,3.60
2010.06.22 10:05:38.451,1.3631,1.36325,1.60,4.00
2010.06.22 10:05:38.540,1.3631,1.3632,1.60,1.00
2010.06.22 10:05:39.820,1.3631,1.3632,1.00,1.70
2010.06.22 10:05:40.967,1.3631,1.3632,1.60,1.70
2010.06.22 10:05:44.089,1.3631,1.3632,1.60,1.00
2010.06.22 10:05:44.863,1.36325,1.36345,1.10,5.60
2010.06.22 10:05:45.178,1.36325,1.36345,3.50,3.20
2010.06.22 10:05:45.495,1.36325,1.36345,4.30,3.20
2010.06.22 10:05:47.421,1.36325,1.36345,3.50,3.20
2010.06.22 10:05:47.531,1.36325,1.3634,2.40,4.80
2010.06.22 10:05:47.641,1.36325,1.3634,1.00,4.80
2010.06.22 10:05:48.180,1.36325,1.3634,1.00,2.40
2010.06.22 10:05:48.518,1.36335,1.3634,1.00,1.00
2010.06.22 10:05:48.851,1.3633,1.36345,1.60,5.60
2010.06.22 10:05:49.618,1.36335,1.3635,1.90,3.60
2010.06.22 10:05:49.964,1.3634,1.3635,1.60,2.40
2010.06.22 10:05:50.203,1.3634,1.3635,1.00,2.40
2010.06.22 10:05:50.432,1.36335,1.3635,1.90,2.40
2010.06.22 10:05:54.417,1.36335,1.36345,1.90,1.60
2010.06.22 10:05:54.618,1.3633,1.36345,1.60,4.00
2010.06.22 10:05:56.102,1.3633,1.36345,1.60,3.20
2010.06.22 10:05:57.205,1.3633,1.36345,1.60,4.00
2010.06.22 10:06:00.059,1.3633,1.36345,1.60,2.40
2010.06.22 10:06:00.331,1.3633,1.36345,1.00,2.40
2010.06.22 10:06:05.869,1.3633,1.36345,1.60,2.40
2010.06.22 10:06:06.121,1.3633,1.36345,1.00,2.40
2010.06.22 10:06:06.285,1.36325,1.36345,3.50,2.40
2010.06.22 10:06:06.461,1.36325,1.3634,2.70,1.00
2010.06.22 10:06:06.942,1.36325,1.3634,2.40,1.00
2010.06.22 10:06:07.288,1.36325,1.3634,1.60,4.80
2010.06.22 10:06:07.638,1.3632,1.3633,1.60,1.00
2010.06.22 10:06:09.118,1.36325,1.36335,1.60,4.80
2010.06.22 10:06:09.296,1.36325,1.36335,3.20,1.00
2010.06.22 10:06:09.472,1.36325,1.36335,1.60,6.40
2010.06.22 10:06:09.643,1.3632,1.36335,2.40,2.40
2010.06.22 10:06:10.184,1.36325,1.36335,1.00,2.40
2010.06.22 10:06:10.508,1.36335,1.36345,1.60,4.00
2010.06.22 10:06:10.830,1.36335,1.36345,1.00,6.40
2010.06.22 10:06:11.577,1.36325,1.36335,2.40,1.60
2010.06.22 10:06:11.890,1.36325,1.36335,1.60,1.60
2010.06.22 10:06:12.203,1.36325,1.3634,1.60,5.60
2010.06.22 10:06:12.516,1.36325,1.36335,1.60,4.80
2010.06.22 10:06:12.823,1.3632,1.36335,1.60,4.80
2010.06.22 10:06:13.540,1.3632,1.36335,1.60,2.40
2010.06.22 10:06:13.838,1.36335,1.36345,1.00,2.40
2010.06.22 10:06:14.319,1.36335,1.3635,1.60,18.80
2010.06.22 10:06:14.889,1.36335,1.3635,1.60,18.00
2010.06.22 10:06:15.227,1.36335,1.36355,1.60,8.00
2010.06.22 10:06:15.565,1.3634,1.36355,1.60,4.00
2010.06.22 10:06:16.359,1.36335,1.3635,1.00,2.40
2010.06.22 10:06:16.702,1.3634,1.36355,1.60,8.00
2010.06.22 10:06:17.523,1.3634,1.36355,1.60,4.80
2010.06.22 10:06:20.160,1.3634,1.3635,1.60,1.00
2010.06.22 10:06:20.783,1.3634,1.3635,1.60,2.40
2010.06.22 10:06:21.026,1.3634,1.3635,1.60,1.00
2010.06.22 10:06:21.260,1.3634,1.3635,1.60,2.40
2010.06.22 10:06:21.502,1.3634,1.36355,1.60,6.40
2010.06.22 10:06:21.741,1.3634,1.36355,1.60,4.80
2010.06.22 10:06:22.630,1.36335,1.3635,1.60,1.00
2010.06.22 10:06:24.524,1.36335,1.36355,1.60,5.60
2010.06.22 10:06:27.368,1.3634,1.36355,1.60,4.80
2010.06.22 10:06:27.576,1.3634,1.36355,1.60,2.40
2010.06.22 10:06:28.196,1.3634,1.36355,1.60,4.80
2010.06.22 10:06:30.263,1.36335,1.36355,1.60,6.40
2010.06.22 10:06:30.769,1.36335,1.36355,1.60,5.60
2010.06.22 10:06:34.981,1.36335,1.3635,1.60,1.00
2010.06.22 10:06:35.230,1.36335,1.3635,1.60,2.40
2010.06.22 10:06:37.121,1.36325,1.36345,9.20,2.40
2010.06.22 10:06:37.692,1.3633,1.36345,1.60,1.60
2010.06.22 10:06:37.882,1.36335,1.36345,1.00,1.60
2010.06.22 10:06:38.478,1.3633,1.36345,1.60,1.60
2010.06.22 10:06:39.171,1.3633,1.36345,1.60,1.00
2010.06.22 10:06:41.872,1.3633,1.3634,1.60,1.00
2010.06.22 10:06:42.081,1.3633,1.36345,1.60,2.40
2010.06.22 10:06:42.537,1.3633,1.36345,1.60,1.60
2010.06.22 10:06:42.747,1.36325,1.3634,3.20,1.00
2010.06.22 10:06:42.962,1.3632,1.3634,4.50,3.20
2010.06.22 10:06:43.165,1.3632,1.3634,3.30,3.20
2010.06.22 10:06:43.943,1.36325,1.3634,1.60,1.60
2010.06.22 10:06:46.209,1.36325,1.36345,1.60,1.60
2010.06.22 10:06:46.387,1.36325,1.3634,1.90,1.00
2010.06.22 10:06:47.655,1.36325,1.36345,1.70,1.60
2010.06.22 10:06:48.006,1.36325,1.36345,1.70,1.00
2010.06.22 10:06:49.750,1.36325,1.36345,2.00,1.00
2010.06.22 10:06:51.409,1.36325,1.3634,2.00,1.00
2010.06.22 10:06:52.050,1.36325,1.3634,1.70,1.00
2010.06.22 10:06:53.910,1.36325,1.3634,1.60,1.00
2010.06.22 10:06:54.891,1.3632,1.3634,4.40,2.40
2010.06.22 10:06:55.122,1.3632,1.3633,1.60,1.00
2010.06.22 10:06:56.147,1.36325,1.36335,2.40,1.00
2010.06.22 10:06:56.492,1.36325,1.36335,1.60,1.00
2010.06.22 10:06:57.840,1.36325,1.36335,1.00,1.00
2010.06.22 10:06:58.017,1.36315,1.36335,5.10,2.40
2010.06.22 10:06:58.497,1.36315,1.36335,4.80,2.40
2010.06.22 10:06:58.849,1.3632,1.3633,3.20,1.00
2010.06.22 10:06:59.191,1.3632,1.3634,4.00,2.40
2010.06.22 10:06:59.770,1.3632,1.3634,4.10,2.40
2010.06.22 10:07:00.094,1.36325,1.3634,1.60,2.40
2010.06.22 10:07:00.421,1.36325,1.3634,1.60,1.60
2010.06.22 10:07:00.753,1.3633,1.36345,1.00,4.00
2010.06.22 10:07:01.916,1.36335,1.36345,1.00,4.00
2010.06.22 10:07:02.401,1.36335,1.36345,1.00,3.20
2010.06.22 10:07:04.030,1.36335,1.36345,1.00,1.60
2010.06.22 10:07:05.059,1.36335,1.3634,1.00,1.60
2010.06.22 10:07:05.885,1.36335,1.3635,2.00,2.00
2010.06.22 10:07:06.636,1.36335,1.3635,2.00,1.60
2010.06.22 10:07:08.410,1.36335,1.3635,2.00,2.40
2010.06.22 10:07:09.878,1.3634,1.36355,1.60,4.00
2010.06.22 10:07:09.954,1.3634,1.36355,1.60,6.40
2010.06.22 10:07:10.037,1.3634,1.3635,1.60,1.60
2010.06.22 10:07:10.580,1.36335,1.3635,2.00,2.40
2010.06.22 10:07:10.740,1.36335,1.36345,1.00,1.00
2010.06.22 10:07:11.589,1.36335,1.36345,1.00,4.00
2010.06.22 10:07:13.320,1.36335,1.36345,1.00,4.80
2010.06.22 10:07:13.546,1.36335,1.36345,1.00,4.00
2010.06.22 10:07:14.029,1.36335,1.36345,1.00,3.20
2010.06.22 10:07:14.149,1.36335,1.3635,2.00,3.20
2010.06.22 10:07:14.604,1.3633,1.36345,3.20,1.00
2010.06.22 10:07:15.765,1.36335,1.3635,3.20,2.40
2010.06.22 10:07:20.384,1.36335,1.36345,3.20,1.00
2010.06.22 10:07:20.572,1.36335,1.3635,3.20,2.40
2010.06.22 10:07:24.500,1.3634,1.36345,1.60,1.00
2010.06.22 10:07:26.280,1.3634,1.3635,1.60,2.40
2010.06.22 10:07:26.643,1.3634,1.3635,1.60,1.00
2010.06.22 10:07:26.761,1.36345,1.36355,1.00,4.80
2010.06.22 10:07:26.880,1.3634,1.36355,2.40,4.80
2010.06.22 10:07:27.119,1.3634,1.36355,1.60,4.80
2010.06.22 10:07:27.642,1.3634,1.36355,1.60,6.40
2010.06.22 10:07:27.930,1.3634,1.3635,1.60,1.00
2010.06.22 10:07:29.670,1.36345,1.36355,1.60,5.60
2010.06.22 10:07:30.353,1.36345,1.36355,1.00,6.40
2010.06.22 10:07:30.654,1.36335,1.3635,5.60,2.40
2010.06.22 10:07:36.249,1.36335,1.3635,5.60,1.60
2010.06.22 10:07:36.596,1.3634,1.3635,1.60,1.60
2010.06.22 10:07:36.791,1.36345,1.3635,1.60,2.40
2010.06.22 10:07:37.545,1.36345,1.3635,1.60,1.00
2010.06.22 10:07:38.420,1.36345,1.36355,1.60,2.40
2010.06.22 10:07:39.213,1.36335,1.3635,5.60,3.20
2010.06.22 10:07:39.915,1.36335,1.3634,4.00,1.00
2010.06.22 10:07:40.266,1.3633,1.36345,2.40,2.40
2010.06.22 10:07:44.381,1.3633,1.36345,4.00,2.40
2010.06.22 10:07:45.345,1.3634,1.36345,1.00,1.00
2010.06.22 10:07:45.611,1.36335,1.36345,1.00,1.60
2010.06.22 10:07:46.187,1.3633,1.36345,4.00,2.40
2010.06.22 10:07:47.180,1.3633,1.36345,4.80,1.00
2010.06.22 10:07:47.950,1.3633,1.36345,2.40,1.00
2010.06.22 10:07:48.217,1.3633,1.36335,1.60,1.00
2010.06.22 10:07:48.904,1.3633,1.36335,1.00,1.00
2010.06.22 10:07:49.257,1.36325,1.36335,1.00,1.00
2010.06.22 10:07:49.600,1.3632,1.36335,4.00,1.00
2010.06.22 10:07:49.939,1.3632,1.36335,3.20,1.00
2010.06.22 10:07:52.576,1.36315,1.3633,1.00,1.00
2010.06.22 10:07:52.860,1.3632,1.36335,1.00,9.60
2010.06.22 10:07:53.573,1.3632,1.36335,1.60,9.60
2010.06.22 10:07:53.927,1.3632,1.3633,1.60,1.00
2010.06.22 10:07:55.411,1.3632,1.3633,1.00,1.00
2010.06.22 10:07:55.756,1.36315,1.3633,1.60,4.80
2010.06.22 10:07:57.156,1.3631,1.3632,3.20,1.00
2010.06.22 10:07:57.347,1.3631,1.36325,4.00,1.60
2010.06.22 10:07:58.086,1.3631,1.36325,2.40,3.20
2010.06.22 10:07:58.277,1.3631,1.36325,2.40,4.00
2010.06.22 10:07:58.968,1.36315,1.3633,1.00,6.40
2010.06.22 10:07:59.317,1.3631,1.3633,7.20,1.00
2010.06.22 10:08:00.030,1.36325,1.3634,1.60,2.40
2010.06.22 10:08:01.277,1.3633,1.36345,1.60,2.40
2010.06.22 10:08:03.515,1.36335,1.36345,1.60,2.40
2010.06.22 10:08:04.835,1.36335,1.36345,1.60,1.60
2010.06.22 10:08:06.362,1.36325,1.36345,1.00,1.60
2010.06.22 10:08:12.962,1.3632,1.36345,7.60,1.60
2010.06.22 10:08:14.263,1.3632,1.36345,7.30,2.40
2010.06.22 10:08:14.563,1.3632,1.36345,6.50,3.20
2010.06.22 10:08:14.864,1.3633,1.36345,2.40,2.40
2010.06.22 10:08:15.163,1.3633,1.36345,2.40,1.60
2010.06.22 10:08:15.983,1.3633,1.36345,4.00,1.60
2010.06.22 10:08:17.745,1.3633,1.3634,2.40,1.00
2010.06.22 10:08:17.997,1.36325,1.3634,5.60,1.00
2010.06.22 10:08:18.928,1.36325,1.3634,4.00,1.00
2010.06.22 10:08:20.233,1.36325,1.3634,4.90,1.00
2010.06.22 10:08:20.781,1.36325,1.3634,4.10,1.00
2010.06.22 10:08:21.079,1.3633,1.3634,2.40,1.00
2010.06.22 10:08:22.140,1.3634,1.36345,1.00,1.00
2010.06.22 10:08:22.489,1.36325,1.36345,1.00,6.40
2010.06.22 10:08:22.833,1.36325,1.3634,1.60,1.00
2010.06.22 10:08:23.711,1.36325,1.36335,1.60,1.00
2010.06.22 10:08:25.900,1.3633,1.36335,1.00,1.00
2010.06.22 10:08:26.069,1.3633,1.36335,1.60,1.00
2010.06.22 10:08:28.148,1.36325,1.36335,1.60,1.00
2010.06.22 10:08:28.388,1.3632,1.36335,6.40,1.00
2010.06.22 10:08:28.873,1.3632,1.3633,4.00,1.60
2010.06.22 10:08:29.127,1.3632,1.3633,4.00,1.00
2010.06.22 10:08:30.488,1.3632,1.3633,4.00,1.60
2010.06.22 10:08:30.706,1.36325,1.3633,2.40,1.60
2010.06.22 10:08:30.926,1.36325,1.36335,3.20,1.00
2010.06.22 10:08:31.141,1.36325,1.36335,2.40,1.00
2010.06.22 10:08:32.117,1.3633,1.36335,1.00,1.00
2010.06.22 10:08:32.457,1.36325,1.36335,1.00,1.00
2010.06.22 10:08:33.595,1.3632,1.36335,4.00,1.00
2010.06.22 10:08:33.944,1.3632,1.36335,5.60,1.00
2010.06.22 10:08:34.847,1.36325,1.36335,1.60,1.00
2010.06.22 10:08:35.078,1.3632,1.36335,6.40,1.00
2010.06.22 10:08:35.855,1.36325,1.36335,1.00,1.00
2010.06.22 10:08:36.423,1.36325,1.36335,1.60,1.00
2010.06.22 10:08:38.270,1.36325,1.36335,3.20,1.00
2010.06.22 10:08:39.182,1.36325,1.36345,3.20,8.80
2010.06.22 10:08:40.541,1.3633,1.36345,1.60,4.80
2010.06.22 10:08:42.698,1.36325,1.3635,6.40,4.00
2010.06.22 10:08:44.184,1.36325,1.3635,2.40,5.60
2010.06.22 10:08:45.930,1.36325,1.3635,2.40,6.40
2010.06.22 10:08:47.579,1.3633,1.3635,2.40,6.40
2010.06.22 10:08:47.700,1.3633,1.3635,2.40,4.80
2010.06.22 10:08:47.829,1.3633,1.3635,4.00,4.80
2010.06.22 10:08:47.960,1.3633,1.3634,2.40,1.60
2010.06.22 10:08:48.220,1.3633,1.36345,2.40,2.40
2010.06.22 10:08:49.083,1.3633,1.3635,5.60,4.80
2010.06.22 10:08:49.341,1.3633,1.3635,4.80,4.80
2010.06.22 10:08:49.601,1.3633,1.3635,5.60,4.80
2010.06.22 10:08:49.863,1.36335,1.3635,1.00,2.40
2010.06.22 10:08:53.265,1.3634,1.3635,1.00,2.40
2010.06.22 10:08:53.920,1.36335,1.3635,1.00,2.40
2010.06.22 10:08:55.356,1.3633,1.36345,4.00,1.00
2010.06.22 10:08:56.269,1.3633,1.36345,1.60,1.00
2010.06.22 10:08:56.381,1.36325,1.36345,8.40,2.40
2010.06.22 10:08:56.631,1.3633,1.36345,4.00,1.60
2010.06.22 10:08:57.088,1.3633,1.36345,4.80,1.00
2010.06.22 10:08:57.335,1.3633,1.3635,4.80,4.00
2010.06.22 10:09:02.128,1.3633,1.3635,4.90,4.00
2010.06.22 10:09:03.270,1.36335,1.3635,1.60,1.60
2010.06.22 10:09:03.400,1.36335,1.3635,4.00,1.60
2010.06.22 10:09:03.530,1.3634,1.3635,1.60,2.40
2010.06.22 10:09:06.229,1.3634,1.3635,1.60,1.60
2010.06.22 10:09:07.329,1.36335,1.3635,1.00,3.20
2010.06.22 10:09:07.646,1.36335,1.3635,1.60,3.20
2010.06.22 10:09:07.996,1.3633,1.36345,4.80,1.60
2010.06.22 10:09:08.791,1.3632,1.3634,10.00,1.00
2010.06.22 10:09:09.132,1.3632,1.36335,4.00,1.60
2010.06.22 10:09:10.753,1.3632,1.36335,4.00,1.00
2010.06.22 10:09:12.432,1.36325,1.36345,3.20,10.40
2010.06.22 10:09:13.244,1.3632,1.3634,5.70,1.60
2010.06.22 10:09:13.593,1.36325,1.3634,1.00,1.00
2010.06.22 10:09:13.852,1.3633,1.36345,1.00,8.80
2010.06.22 10:09:14.818,1.3632,1.36335,1.60,1.60
2010.06.22 10:09:15.024,1.3632,1.3634,4.80,4.00
2010.06.22 10:09:15.233,1.3632,1.36335,4.00,1.60
2010.06.22 10:09:17.732,1.3632,1.3634,5.70,3.20
2010.06.22 10:09:18.073,1.3632,1.3634,4.90,3.20
2010.06.22 10:09:19.601,1.3632,1.36335,4.10,1.60
2010.06.22 10:09:19.783,1.3632,1.36335,4.00,1.00
2010.06.22 10:09:19.961,1.3632,1.36335,4.00,1.60
2010.06.22 10:09:22.673,1.3632,1.36335,4.80,1.00
2010.06.22 10:09:22.906,1.36325,1.3634,1.60,2.40
2010.06.22 10:09:23.592,1.36325,1.3634,1.60,3.20
2010.06.22 10:09:24.311,1.3632,1.36335,4.10,1.00
2010.06.22 10:09:26.291,1.36325,1.36345,3.20,10.40
2010.06.22 10:09:26.370,1.36325,1.36345,2.40,10.40
2010.06.22 10:09:26.773,1.36325,1.36345,3.20,10.40
2010.06.22 10:09:27.633,1.36325,1.3634,1.60,1.60
2010.06.22 10:09:34.543,1.3632,1.36335,4.00,1.60
2010.06.22 10:09:35.600,1.3632,1.3633,1.60,1.60
2010.06.22 10:09:38.344,1.3632,1.3634,5.60,4.00
2010.06.22 10:09:39.730,1.3632,1.3634,5.60,3.20
2010.06.22 10:09:39.957,1.3632,1.3634,5.70,3.20
2010.06.22 10:09:42.430,1.3632,1.3634,6.50,3.20
2010.06.22 10:09:42.739,1.3632,1.3634,5.70,4.00
2010.06.22 10:09:42.843,1.3632,1.36335,4.90,1.00
2010.06.22 10:09:43.378,1.3632,1.36335,4.10,1.60
2010.06.22 10:09:43.725,1.3632,1.3634,5.60,4.00
2010.06.22 10:09:44.079,1.3632,1.3634,5.60,4.80
2010.06.22 10:09:58.600,1.3632,1.3634,1.60,7.20
2010.06.22 10:09:58.702,1.3632,1.3633,1.60,1.00
2010.06.22 10:09:59.192,1.3632,1.36335,4.00,1.00
2010.06.22 10:10:00.953,1.36315,1.3633,1.00,1.60
2010.06.22 10:10:01.253,1.3631,1.3632,1.00,1.00
2010.06.22 10:10:01.906,1.3631,1.3632,3.20,1.60
2010.06.22 10:10:02.052,1.3631,1.3632,3.20,1.00
2010.06.22 10:10:03.123,1.3631,1.3632,3.20,1.60
2010.06.22 10:10:03.916,1.3632,1.3633,5.60,1.00
2010.06.22 10:10:04.076,1.3632,1.3633,6.20,1.00
2010.06.22 10:10:04.233,1.3632,1.3634,8.20,6.40
2010.06.22 10:10:04.390,1.3632,1.3634,5.80,5.60
2010.06.22 10:10:04.552,1.3632,1.3634,4.40,4.00
2010.06.22 10:10:05.055,1.3632,1.3634,5.20,3.20
2010.06.22 10:10:05.375,1.3632,1.3634,6.80,2.40
2010.06.22 10:10:05.694,1.3632,1.3634,2.80,2.40
2010.06.22 10:10:06.336,1.3632,1.3634,1.00,3.20
2010.06.22 10:10:06.894,1.3632,1.3634,1.00,4.00
2010.06.22 10:10:07.159,1.36315,1.3634,2.40,4.80
2010.06.22 10:10:09.521,1.36315,1.36335,2.40,2.40
2010.06.22 10:10:09.630,1.36315,1.3634,2.40,4.00
2010.06.22 10:10:10.984,1.36315,1.3634,2.40,4.80
2010.06.22 10:10:11.331,1.36315,1.36335,2.40,1.00
2010.06.22 10:10:11.673,1.3632,1.3634,2.40,4.80
2010.06.22 10:10:11.976,1.3632,1.36335,4.00,1.60
2010.06.22 10:10:14.629,1.36315,1.36335,7.30,3.20
2010.06.22 10:10:14.821,1.36315,1.36335,6.40,3.20
2010.06.22 10:10:15.676,1.3632,1.36335,1.60,2.40
2010.06.22 10:10:16.901,1.3632,1.36335,1.00,3.20
2010.06.22 10:10:18.002,1.36315,1.36335,2.40,8.00
2010.06.22 10:10:18.112,1.36315,1.36335,1.00,8.80
2010.06.22 10:10:18.221,1.36315,1.36335,1.00,4.80
2010.06.22 10:10:18.330,1.3631,1.36335,6.40,2.40
2010.06.22 10:10:18.964,1.3631,1.36335,6.40,2.40
2010.06.22 10:10:19.317,1.3631,1.36335,4.80,6.40
2010.06.22 10:10:19.668,1.36315,1.3633,1.60,1.60
2010.06.22 10:10:21.772,1.36315,1.36335,1.60,1.00
2010.06.22 10:10:22.066,1.36315,1.36335,1.60,1.60
2010.06.22 10:10:22.982,1.36315,1.36335,1.60,5.60
2010.06.22 10:10:23.793,1.3631,1.36325,4.00,1.60
2010.06.22 10:10:26.921,1.3631,1.36325,1.60,1.60
2010.06.22 10:10:27.345,1.36305,1.36325,4.80,1.60
2010.06.22 10:10:27.862,1.3631,1.36325,1.60,1.60
2010.06.22 10:10:28.080,1.3631,1.3632,1.60,1.00
2010.06.22 10:10:28.386,1.3631,1.3632,1.60,1.60
2010.06.22 10:10:29.010,1.36305,1.36325,7.20,3.20
2010.06.22 10:10:29.319,1.36305,1.3632,6.40,1.60
2010.06.22 10:10:29.663,1.3631,1.3632,1.60,1.60
2010.06.22 10:10:30.136,1.3631,1.36325,1.60,2.40
2010.06.22 10:10:30.505,1.3631,1.36325,1.60,1.60
2010.06.22 10:10:30.853,1.36305,1.36325,7.20,1.60
2010.06.22 10:10:31.194,1.36305,1.3632,7.20,1.60
2010.06.22 10:10:31.933,1.3631,1.3632,1.60,1.60
2010.06.22 10:10:32.195,1.3631,1.36325,1.60,1.60
2010.06.22 10:10:32.723,1.36305,1.3632,8.80,1.00
2010.06.22 10:10:33.428,1.3631,1.3632,1.60,1.00
2010.06.22 10:10:33.776,1.3631,1.36325,1.60,1.60
2010.06.22 10:10:38.593,1.3631,1.36325,1.60,2.40
2010.06.22 10:10:38.810,1.3631,1.3632,1.60,1.00
2010.06.22 10:10:39.445,1.3631,1.3632,1.60,1.60
2010.06.22 10:10:39.671,1.36305,1.3632,5.60,1.60
2010.06.22 10:10:40.018,1.3631,1.3632,1.60,1.60
2010.06.22 10:10:41.450,1.3631,1.3632,2.40,1.60
2010.06.22 10:10:41.692,1.3631,1.36325,2.40,2.40
2010.06.22 10:10:41.931,1.3631,1.36325,1.60,1.60
2010.06.22 10:10:42.701,1.3631,1.36325,2.40,1.60
2010.06.22 10:10:45.510,1.3631,1.36325,1.60,1.60
2010.06.22 10:10:49.874,1.3631,1.3632,1.60,1.00
2010.06.22 10:10:53.274,1.3631,1.36325,2.40,4.80
2010.06.22 10:10:53.862,1.3631,1.3632,1.60,1.00
2010.06.22 10:10:55.495,1.3631,1.36325,3.20,4.00
2010.06.22 10:10:57.922,1.3631,1.3632,1.60,1.60
2010.06.22 10:10:58.232,1.36305,1.36325,8.80,1.60
2010.06.22 10:10:58.533,1.3631,1.36325,1.60,1.60
2010.06.22 10:11:03.540,1.3631,1.36325,1.60,3.20
2010.06.22 10:11:03.752,1.3631,1.3632,1.60,1.00
2010.06.22 10:11:04.416,1.3631,1.36325,4.00,1.00
2010.06.22 10:11:04.659,1.3631,1.3633,4.00,4.80
2010.06.22 10:11:05.447,1.3631,1.36325,2.40,1.60
2010.06.22 10:11:06.931,1.3631,1.3632,2.40,1.00
2010.06.22 10:11:07.713,1.3631,1.3632,2.40,1.60
2010.06.22 10:11:08.211,1.3631,1.3633,4.00,5.60
2010.06.22 10:11:08.554,1.3631,1.3633,3.20,4.80
2010.06.22 10:11:08.884,1.3631,1.36325,2.40,1.00
2010.06.22 10:11:09.630,1.3631,1.3632,2.40,1.60
2010.06.22 10:11:10.312,1.3631,1.3632,2.40,1.00
2010.06.22 10:11:10.953,1.3631,1.3632,2.40,1.60
2010.06.22 10:11:11.724,1.3631,1.3632,2.40,1.00
2010.06.22 10:11:13.261,1.3631,1.3632,2.40,1.60
2010.06.22 10:11:13.441,1.3631,1.3632,1.60,1.60
2010.06.22 10:11:22.495,1.3631,1.3632,2.40,1.00
2010.06.22 10:11:22.784,1.3631,1.36325,3.20,3.20
2010.06.22 10:11:25.031,1.3631,1.36325,3.20,1.60
2010.06.22 10:11:25.183,1.36315,1.36325,1.60,1.00
2010.06.22 10:11:25.330,1.36315,1.36325,1.00,1.00
2010.06.22 10:11:26.240,1.3631,1.3632,1.60,1.60
2010.06.22 10:11:27.882,1.36305,1.3632,1.60,1.60
2010.06.22 10:11:28.631,1.3631,1.36325,1.00,5.60
2010.06.22 10:11:28.880,1.3631,1.36325,1.00,4.80
2010.06.22 10:11:30.805,1.36305,1.36315,2.40,1.60
2010.06.22 10:11:30.950,1.36305,1.36315,2.50,1.60
2010.06.22 10:11:32.951,1.3631,1.3632,1.60,2.40
2010.06.22 10:11:33.271,1.3631,1.3632,1.60,1.60
2010.06.22 10:11:34.047,1.3631,1.36315,1.60,1.60
2010.06.22 10:11:35.642,1.36305,1.36315,2.40,1.60
2010.06.22 10:11:35.766,1.36305,1.36315,2.50,1.60
2010.06.22 10:11:42.861,1.36305,1.36315,1.70,1.60
2010.06.22 10:11:45.498,1.36305,1.36315,1.60,1.60
2010.06.22 10:11:46.193,1.363,1.36315,11.70,1.60
2010.06.22 10:11:46.794,1.3631,1.36315,1.60,1.00
2010.06.22 10:11:46.886,1.3631,1.36325,2.40,5.60
2010.06.22 10:11:47.799,1.3631,1.36325,2.40,4.80
2010.06.22 10:11:48.122,1.3631,1.36325,2.40,6.40
2010.06.22 10:11:49.206,1.3631,1.3632,1.60,1.60
2010.06.22 10:11:49.944,1.3631,1.3632,1.60,1.00
2010.06.22 10:11:51.025,1.36315,1.36325,1.60,1.60
2010.06.22 10:11:51.163,1.3632,1.3633,1.00,2.40
2010.06.22 10:11:51.304,1.3632,1.3633,1.00,4.00
2010.06.22 10:11:51.443,1.36315,1.3633,1.60,4.00
2010.06.22 10:11:51.582,1.36315,1.3633,1.00,4.80
2010.06.22 10:11:51.851,1.36315,1.36325,1.00,1.00
2010.06.22 10:11:51.992,1.3631,1.36325,1.60,1.60
2010.06.22 10:11:55.858,1.3632,1.3633,1.00,4.00
2010.06.22 10:11:56.585,1.3631,1.3632,1.60,1.00
2010.06.22 10:11:56.878,1.3631,1.3632,1.60,1.60
2010.06.22 10:11:59.500,1.3631,1.36325,1.60,1.60
2010.06.22 10:12:03.330,1.3631,1.3632,1.60,1.00
2010.06.22 10:12:03.472,1.3631,1.3632,1.60,1.60
2010.06.22 10:12:05.861,1.3631,1.3632,1.60,1.00
2010.06.22 10:12:06.644,1.3631,1.3632,1.60,1.60
2010.06.22 10:12:13.021,1.3631,1.3632,1.60,1.00
2010.06.22 10:12:13.860,1.3631,1.3632,1.60,1.60
2010.06.22 10:12:15.581,1.36305,1.3632,6.50,1.60
2010.06.22 10:12:15.740,1.36305,1.3632,6.40,1.60
2010.06.22 10:12:16.334,1.3631,1.3632,1.60,1.60
2010.06.22 10:12:17.746,1.3631,1.36325,1.60,1.60
2010.06.22 10:12:18.805,1.3631,1.36325,2.40,3.20
2010.06.22 10:12:19.158,1.3631,1.3632,1.60,1.00
2010.06.22 10:12:20.893,1.3631,1.36325,2.40,4.80
2010.06.22 10:12:21.052,1.3631,1.3632,1.60,1.00
2010.06.22 10:12:21.370,1.3631,1.36325,2.40,4.80
2010.06.22 10:12:22.350,1.3631,1.3632,1.60,1.00
2010.06.22 10:12:22.771,1.3631,1.36325,2.40,4.80
2010.06.22 10:12:23.559,1.3631,1.36325,2.40,3.20
2010.06.22 10:12:23.751,1.36315,1.36325,1.60,1.00
2010.06.22 10:12:23.941,1.3631,1.36325,3.20,1.60
2010.06.22 10:12:24.609,1.36305,1.3632,3.20,1.00
2010.06.22 10:12:25.640,1.36305,1.3632,1.70,1.60
2010.06.22 10:12:25.944,1.3631,1.36325,1.00,7.20
2010.06.22 10:12:26.254,1.3631,1.36325,1.00,6.40
2010.06.22 10:12:26.770,1.36305,1.3632,1.60,1.60
2010.06.22 10:12:27.115,1.36315,1.3633,1.60,7.20
2010.06.22 10:12:27.461,1.36315,1.3633,3.20,1.00
2010.06.22 10:12:28.201,1.36315,1.3633,1.60,2.40
2010.06.22 10:12:28.560,1.3632,1.3633,1.60,2.40
2010.06.22 10:12:30.527,1.3632,1.3633,1.60,1.00
2010.06.22 10:12:30.720,1.3632,1.3633,1.60,2.40
2010.06.22 10:12:32.994,1.36325,1.36335,1.60,3.50
2010.06.22 10:12:33.185,1.36325,1.36335,1.60,1.90
2010.06.22 10:12:36.344,1.3633,1.36335,1.60,1.00
2010.06.22 10:12:39.210,1.36325,1.36335,1.60,1.00
2010.06.22 10:12:40.590,1.3633,1.36335,1.60,1.00
2010.06.22 10:12:42.087,1.3633,1.36335,1.60,1.10
2010.06.22 10:12:42.424,1.3633,1.36335,1.60,1.00
2010.06.22 10:12:43.895,1.3633,1.36335,1.60,1.00
2010.06.22 10:12:44.115,1.36325,1.36335,1.00,1.00
2010.06.22 10:12:44.619,1.36325,1.36335,1.00,1.70
2010.06.22 10:12:44.967,1.3631,1.3633,7.50,1.00
2010.06.22 10:12:45.315,1.36315,1.3633,3.20,1.00
2010.06.22 10:12:45.664,1.3631,1.3633,5.60,1.00
2010.06.22 10:12:46.437,1.3631,1.3633,6.40,1.00
2010.06.22 10:12:46.787,1.3631,1.3633,4.00,1.00
2010.06.22 10:12:47.311,1.3631,1.3633,4.00,2.40
2010.06.22 10:12:47.492,1.3631,1.3633,1.60,4.00
2010.06.22 10:12:47.670,1.3631,1.36325,2.40,1.00
2010.06.22 10:12:48.761,1.36315,1.3633,1.00,4.80
2010.06.22 10:12:49.512,1.36315,1.3633,1.60,4.80
2010.06.22 10:12:49.855,1.36315,1.36325,1.60,1.00
2010.06.22 10:12:53.271,1.3631,1.36325,3.20,1.00
2010.06.22 10:12:55.799,1.3632,1.3633,1.00,4.00
2010.06.22 10:12:56.044,1.3632,1.3633,1.00,2.40
2010.06.22 10:12:58.049,1.3632,1.3633,1.60,2.40
2010.06.22 10:12:58.154,1.3632,1.3633,1.00,1.60
2010.06.22 10:12:58.364,1.3632,1.3633,1.60,1.60
2010.06.22 10:12:58.849,1.3632,1.36325,1.60,1.00
2010.06.22 10:13:02.903,1.36315,1.3633,1.60,3.20
2010.06.22 10:13:04.402,1.36315,1.36325,1.60,1.00
2010.06.22 10:13:04.620,1.36315,1.36325,1.00,1.00
2010.06.22 10:13:07.270,1.36315,1.36325,1.60,1.00
2010.06.22 10:13:09.145,1.36315,1.36325,1.60,3.20
2010.06.22 10:13:09.604,1.36315,1.36325,1.60,4.80
2010.06.22 10:13:10.282,1.3631,1.36325,3.20,4.90
2010.06.22 10:13:12.400,1.3631,1.36325,1.60,4.90
2010.06.22 10:13:13.203,1.3631,1.3632,1.60,1.00
2010.06.22 10:13:16.210,1.3631,1.36325,1.60,4.90
2010.06.22 10:13:16.609,1.3631,1.36325,1.60,4.10
2010.06.22 10:13:16.680,1.36315,1.36325,1.60,1.00
2010.06.22 10:13:17.071,1.36315,1.36325,2.40,1.00
2010.06.22 10:13:20.329,1.36315,1.36325,1.00,1.00
2010.06.22 10:13:22.910,1.36315,1.3633,2.40,1.70
2010.06.22 10:13:23.060,1.3632,1.36335,2.40,6.70
2010.06.22 10:13:23.210,1.3632,1.36335,3.20,3.50
2010.06.22 10:13:23.360,1.36325,1.36335,1.00,3.50
2010.06.22 10:13:23.888,1.36325,1.36335,1.00,3.30
2010.06.22 10:13:24.134,1.36325,1.36335,1.00,1.70
2010.06.22 10:13:24.388,1.3632,1.36335,3.20,1.00
2010.06.22 10:13:24.637,1.3632,1.36335,4.00,1.00
2010.06.22 10:13:26.812,1.3633,1.3634,1.60,2.50
2010.06.22 10:13:26.975,1.3632,1.3634,5.60,2.40
2010.06.22 10:13:27.132,1.3632,1.3634,4.00,2.50
2010.06.22 10:13:31.639,1.36325,1.3634,1.00,1.70
2010.06.22 10:13:31.890,1.36325,1.3634,3.20,1.00
2010.06.22 10:13:32.962,1.36325,1.3634,1.60,2.50
2010.06.22 10:13:33.222,1.36325,1.3634,1.60,3.30
2010.06.22 10:13:33.741,1.36325,1.36335,1.60,1.00
2010.06.22 10:13:34.546,1.36325,1.36335,1.60,1.00
2010.06.22 10:13:37.710,1.3632,1.36335,3.20,1.00
2010.06.22 10:13:49.480,1.3632,1.36335,1.60,1.00
2010.06.22 10:14:02.939,1.36325,1.36335,1.00,1.00
2010.06.22 10:14:03.120,1.3632,1.36335,1.60,1.00
2010.06.22 10:14:07.632,1.36325,1.36335,1.60,1.00
2010.06.22 10:14:21.291,1.3632,1.36335,3.20,1.00
2010.06.22 10:14:28.383,1.3632,1.36335,2.40,1.60
2010.06.22 10:14:28.865,1.3632,1.36335,4.80,1.00
2010.06.22 10:14:29.177,1.36325,1.3634,1.60,3.20
2010.06.22 10:14:29.481,1.36325,1.36335,1.60,1.00
2010.06.22 10:14:30.523,1.36325,1.3634,1.60,2.40
2010.06.22 10:14:30.866,1.36325,1.3634,2.40,4.00
2010.06.22 10:14:31.211,1.36325,1.3634,1.60,4.00
2010.06.22 10:14:32.106,1.36325,1.3634,1.60,4.10
2010.06.22 10:14:32.374,1.36325,1.36335,1.60,1.00
2010.06.22 10:14:33.533,1.36325,1.36335,1.60,1.00
2010.06.22 10:14:34.254,1.3632,1.3633,1.60,1.60
2010.06.22 10:14:34.516,1.36325,1.3633,1.00,1.00
2010.06.22 10:14:35.337,1.3633,1.36335,1.60,1.00
2010.06.22 10:14:38.597,1.3633,1.3634,1.60,1.70
2010.06.22 10:14:38.922,1.3633,1.36335,1.60,1.00
2010.06.22 10:14:39.665,1.3633,1.36335,1.00,1.00
2010.06.22 10:14:41.124,1.36325,1.36335,1.00,1.00
2010.06.22 10:14:43.436,1.3633,1.36335,1.00,1.00
2010.06.22 10:14:48.740,1.3633,1.36335,1.00,1.00
2010.06.22 10:14:51.591,1.3633,1.36335,1.00,1.00
2010.06.22 10:14:54.127,1.3633,1.36335,1.60,1.00
2010.06.22 10:14:59.073,1.3633,1.36335,1.00,1.00
2010.06.22 10:14:59.200,1.3633,1.3634,1.00,4.00
2010.06.22 10:14:59.330,1.36325,1.3634,1.60,4.00
2010.06.22 10:14:59.969,1.36325,1.3634,1.00,4.00
2010.06.22 10:15:01.113,1.36325,1.36335,1.00,1.00
2010.06.22 10:15:01.381,1.36325,1.36335,1.60,1.00
2010.06.22 10:15:04.573,1.36325,1.36335,1.00,1.00
2010.06.22 10:15:06.531,1.3633,1.36335,1.00,2.50
2010.06.22 10:15:06.738,1.36315,1.3633,6.10,1.00
2010.06.22 10:15:06.934,1.36315,1.36335,5.60,2.50
2010.06.22 10:15:07.569,1.3632,1.36335,1.00,2.50
2010.06.22 10:15:07.915,1.36315,1.3633,4.80,1.00
2010.06.22 10:15:12.261,1.36315,1.3633,5.60,1.00
2010.06.22 10:15:15.999,1.36315,1.3633,4.80,1.00
2010.06.22 10:15:18.460,1.36315,1.3633,5.60,1.00
2010.06.22 10:15:18.629,1.36315,1.3633,4.80,1.00
2010.06.22 10:15:19.050,1.36315,1.3633,6.40,1.00
2010.06.22 10:15:21.280,1.36315,1.3633,5.60,1.70
2010.06.22 10:15:21.621,1.36315,1.3633,5.60,1.00
2010.06.22 10:15:22.450,1.36315,1.3633,5.60,1.70
2010.06.22 10:15:25.450,1.36315,1.3633,5.60,2.50
2010.06.22 10:15:27.859,1.36315,1.3633,4.00,2.50
2010.06.22 10:15:29.631,1.36315,1.3633,4.00,1.00
2010.06.22 10:15:30.225,1.36315,1.3633,4.80,1.00
2010.06.22 10:15:32.270,1.36315,1.3633,5.60,1.00
2010.06.22 10:15:38.885,1.36315,1.36335,5.60,3.30
2010.06.22 10:15:39.423,1.3632,1.36335,1.00,2.50
2010.06.22 10:15:39.590,1.3632,1.3633,1.00,1.00
2010.06.22 10:15:41.232,1.36315,1.3633,6.10,1.00
2010.06.22 10:15:42.260,1.36315,1.3633,6.90,1.00
2010.06.22 10:15:43.374,1.36315,1.36325,5.30,1.00
2010.06.22 10:15:44.052,1.3631,1.36325,4.90,1.00
2010.06.22 10:15:44.701,1.3631,1.36325,2.00,4.00
2010.06.22 10:15:45.048,1.3631,1.3632,1.00,1.00
2010.06.22 10:15:45.590,1.3631,1.36325,1.00,9.60
2010.06.22 10:15:45.793,1.3631,1.36325,1.00,2.40
2010.06.22 10:15:46.417,1.36315,1.3633,1.00,4.80
2010.06.22 10:15:46.687,1.36315,1.3633,1.00,1.60
2010.06.22 10:15:46.952,1.36315,1.36335,2.40,4.00
2010.06.22 10:15:51.842,1.36315,1.36335,1.00,4.00
2010.06.22 10:15:52.463,1.36315,1.3633,1.00,1.00
2010.06.22 10:15:52.602,1.36315,1.3633,1.00,1.60
2010.06.22 10:16:12.418,1.3631,1.3633,4.00,1.60
2010.06.22 10:16:13.132,1.3631,1.3633,1.60,4.00
2010.06.22 10:16:13.462,1.3631,1.36325,1.60,1.00
2010.06.22 10:16:13.795,1.36305,1.3633,3.20,7.20
2010.06.22 10:16:14.602,1.36305,1.3633,3.20,6.40
2010.06.22 10:16:16.033,1.36305,1.36325,1.60,1.60
2010.06.22 10:16:16.694,1.36305,1.36325,1.60,1.00
2010.06.22 10:16:17.984,1.36325,1.36335,1.60,1.00
2010.06.22 10:16:18.331,1.36325,1.3634,1.60,3.20
2010.06.22 10:16:18.509,1.3632,1.3633,1.60,1.00
2010.06.22 10:16:19.437,1.3632,1.36335,1.60,2.40
2010.06.22 10:16:21.273,1.36325,1.36335,1.00,1.00
2010.06.22 10:16:21.820,1.36325,1.3634,1.60,4.00
2010.06.22 10:16:22.054,1.36325,1.3634,1.60,3.20
2010.06.22 10:16:25.221,1.3632,1.3633,2.40,1.60
2010.06.22 10:16:25.421,1.36325,1.3634,1.60,4.00
2010.06.22 10:16:25.622,1.36325,1.3634,1.60,3.20
2010.06.22 10:16:32.938,1.3633,1.3634,1.60,1.60
2010.06.22 10:16:33.129,1.3632,1.3634,4.00,4.00
2010.06.22 10:16:33.313,1.3632,1.3634,3.20,4.00
2010.06.22 10:16:34.305,1.3632,1.36335,3.20,1.00
2010.06.22 10:16:34.645,1.3632,1.36335,1.60,1.60
2010.06.22 10:16:37.161,1.36315,1.3633,7.20,1.00
2010.06.22 10:16:37.410,1.36315,1.3633,6.40,1.00
2010.06.22 10:16:49.287,1.36315,1.3633,6.40,1.60
2010.06.22 10:16:52.302,1.36315,1.3633,6.40,1.00
2010.06.22 10:16:52.517,1.36315,1.36335,8.00,1.00
2010.06.22 10:16:54.851,1.3632,1.36335,1.60,1.00
2010.06.22 10:17:10.450,1.36325,1.3634,1.00,4.80
2010.06.22 10:17:10.678,1.3632,1.3634,3.20,5.60
2010.06.22 10:17:11.340,1.3632,1.3634,2.40,5.60
2010.06.22 10:17:11.981,1.3632,1.3634,3.20,5.60
2010.06.22 10:17:15.240,1.36325,1.3634,1.00,3.20
2010.06.22 10:17:15.466,1.3632,1.3634,3.20,5.60
2010.06.22 10:17:16.345,1.36325,1.3634,1.60,2.40
2010.06.22 10:17:16.669,1.36325,1.36345,3.30,5.60
2010.06.22 10:17:21.159,1.3633,1.36345,1.00,4.80
2010.06.22 10:17:21.270,1.3633,1.36345,1.60,4.80
2010.06.22 10:17:25.311,1.3633,1.36345,3.20,4.80
2010.06.22 10:17:25.943,1.3633,1.36345,3.20,4.00
2010.06.22 10:17:26.134,1.3633,1.36345,3.20,1.60
2010.06.22 10:17:27.951,1.3633,1.36345,3.20,2.40
2010.06.22 10:17:28.901,1.3633,1.36345,3.20,1.00
2010.06.22 10:17:29.094,1.36335,1.36345,1.60,1.00
2010.06.22 10:17:29.284,1.36335,1.3635,1.60,3.60
2010.06.22 10:17:29.473,1.3633,1.3635,3.30,4.00
2010.06.22 10:17:29.662,1.3633,1.3635,3.70,4.00
2010.06.22 10:17:30.432,1.3633,1.3635,3.30,4.00
2010.06.22 10:17:33.410,1.3633,1.3635,3.30,4.80
2010.06.22 10:17:33.600,1.3633,1.3635,2.50,4.80
2010.06.22 10:17:35.360,1.36335,1.3635,1.60,3.20
2010.06.22 10:17:35.451,1.36335,1.3635,1.60,1.60
2010.06.22 10:17:35.541,1.36335,1.36345,1.60,1.00
2010.06.22 10:17:36.201,1.36335,1.3635,2.40,1.60
2010.06.22 10:17:36.548,1.36335,1.36345,1.60,1.00
2010.06.22 10:17:37.446,1.36335,1.3635,3.20,2.40
2010.06.22 10:17:38.866,1.36335,1.36345,1.60,1.60
2010.06.22 10:17:39.165,1.36335,1.3635,3.20,3.20
2010.06.22 10:17:39.891,1.36335,1.3635,2.40,4.00
2010.06.22 10:17:40.216,1.36335,1.3635,3.20,2.40
2010.06.22 10:17:44.877,1.36335,1.3635,3.20,1.60
2010.06.22 10:17:45.022,1.36335,1.3635,3.20,2.40
2010.06.22 10:17:47.810,1.36335,1.3635,3.20,1.60
2010.06.22 10:17:48.099,1.36335,1.3635,3.20,2.40
2010.06.22 10:17:54.677,1.36335,1.3635,3.20,1.60
2010.06.22 10:17:54.812,1.3634,1.36355,1.00,8.00
2010.06.22 10:17:54.953,1.36335,1.36355,3.20,6.40
2010.06.22 10:17:56.361,1.36335,1.3635,3.20,1.00
2010.06.22 10:17:56.541,1.36335,1.36355,3.20,6.40
2010.06.22 10:17:58.639,1.36335,1.36355,3.20,6.50
2010.06.22 10:18:00.095,1.36335,1.3635,3.20,1.00
2010.06.22 10:18:05.293,1.3634,1.3635,1.00,1.00
2010.06.22 10:18:05.471,1.3634,1.36355,1.60,1.60
2010.06.22 10:18:06.190,1.3634,1.36355,1.60,2.40
2010.06.22 10:18:06.989,1.3634,1.36355,2.70,1.60
2010.06.22 10:18:07.177,1.36345,1.3636,1.60,2.00
2010.06.22 10:18:07.352,1.3635,1.3636,1.60,1.60
2010.06.22 10:18:10.096,1.3635,1.3636,1.60,1.00
2010.06.22 10:18:10.221,1.3634,1.36355,3.20,1.60
2010.06.22 10:18:10.508,1.3634,1.36355,3.20,2.40
2010.06.22 10:18:10.786,1.3634,1.36355,3.20,3.20
2010.06.22 10:18:11.466,1.3634,1.36355,1.60,3.20
2010.06.22 10:18:11.774,1.36335,1.3635,1.60,2.40
2010.06.22 10:18:12.792,1.36335,1.3635,1.60,1.60
2010.06.22 10:18:14.046,1.3634,1.36355,8.00,1.60
2010.06.22 10:18:14.377,1.3637,1.36375,1.00,4.00
2010.06.22 10:18:15.135,1.36375,1.36395,1.10,2.40
2010.06.22 10:18:16.512,1.36375,1.36395,2.70,2.40
2010.06.22 10:18:16.859,1.3638,1.36395,2.70,1.00
2010.06.22 10:18:17.195,1.3638,1.36395,1.90,1.60
2010.06.22 10:18:18.468,1.36375,1.36395,1.10,1.60
2010.06.22 10:18:20.201,1.3637,1.36395,8.30,1.60
2010.06.22 10:18:21.079,1.36375,1.3639,1.60,2.40
2010.06.22 10:18:21.805,1.36375,1.3639,3.20,2.40
2010.06.22 10:18:22.005,1.36385,1.36395,2.70,1.00
2010.06.22 10:18:22.659,1.36395,1.36405,1.60,2.00
2010.06.22 10:18:22.941,1.3641,1.36425,1.90,1.60
2010.06.22 10:18:23.903,1.3641,1.36425,1.00,1.60
2010.06.22 10:18:24.248,1.36405,1.36425,1.00,8.00
2010.06.22 10:18:24.591,1.364,1.36425,3.50,6.40
2010.06.22 10:18:24.931,1.364,1.3642,2.80,1.00
2010.06.22 10:18:26.057,1.364,1.36415,2.70,1.00
2010.06.22 10:18:26.200,1.36385,1.36405,3.60,9.60
2010.06.22 10:18:26.355,1.36385,1.36395,1.00,4.00
2010.06.22 10:18:26.941,1.3638,1.3639,1.00,3.20
2010.06.22 10:18:27.090,1.3637,1.3639,3.20,4.00
2010.06.22 10:18:27.434,1.3637,1.3639,1.60,3.20
2010.06.22 10:18:28.223,1.36365,1.3639,2.50,5.60
2010.06.22 10:18:28.553,1.3637,1.3639,1.60,4.00
2010.06.22 10:18:29.968,1.3637,1.36385,2.40,1.00
2010.06.22 10:18:30.267,1.36365,1.3639,6.00,4.80
2010.06.22 10:18:30.445,1.3637,1.3639,1.00,4.80
2010.06.22 10:18:32.145,1.3637,1.3639,1.00,3.20
2010.06.22 10:18:33.809,1.36375,1.3639,1.00,3.20
2010.06.22 10:18:34.157,1.36375,1.36395,1.00,8.60
2010.06.22 10:18:34.745,1.36375,1.36395,3.20,7.90
2010.06.22 10:18:34.995,1.3638,1.36395,1.00,6.40
2010.06.22 10:18:35.333,1.3638,1.36395,1.00,7.20
2010.06.22 10:18:36.384,1.3638,1.36395,1.60,7.20
2010.06.22 10:18:36.932,1.3638,1.36395,1.00,7.20
2010.06.22 10:18:37.806,1.3638,1.36395,1.60,4.00
2010.06.22 10:18:38.079,1.3638,1.36395,1.60,1.60
2010.06.22 10:18:38.755,1.3638,1.364,1.90,11.60
2010.06.22 10:18:39.016,1.3639,1.364,1.00,2.00
2010.06.22 10:18:39.363,1.3639,1.36405,1.60,8.00
2010.06.22 10:18:40.242,1.3639,1.36405,1.00,8.00
2010.06.22 10:18:40.585,1.3639,1.364,1.00,1.60
2010.06.22 10:18:40.935,1.3639,1.364,1.60,1.60
2010.06.22 10:18:42.242,1.3638,1.364,2.40,6.40
2010.06.22 10:18:43.522,1.3638,1.36395,2.40,1.00
2010.06.22 10:18:43.863,1.3639,1.364,1.60,1.60
2010.06.22 10:18:50.893,1.36385,1.364,1.60,6.40
2010.06.22 10:18:51.055,1.3638,1.364,3.20,1.60
2010.06.22 10:18:51.385,1.36385,1.364,1.60,1.00
2010.06.22 10:18:52.820,1.36385,1.36405,2.40,1.60
2010.06.22 10:18:53.152,1.36385,1.3641,3.20,8.80
2010.06.22 10:18:53.261,1.36385,1.3641,3.20,8.00
2010.06.22 10:18:53.371,1.36385,1.3641,2.40,8.00
2010.06.22 10:18:54.551,1.36395,1.3641,1.60,5.60
2010.06.22 10:18:54.894,1.36385,1.36405,2.80,1.00
2010.06.22 10:18:55.460,1.36385,1.36405,2.40,1.00
2010.06.22 10:18:55.702,1.36385,1.3641,2.40,8.00
2010.06.22 10:18:57.160,1.3639,1.3641,1.00,7.20
2010.06.22 10:18:57.614,1.36385,1.36405,2.40,1.60
2010.06.22 10:18:57.872,1.36385,1.36405,1.60,2.40
2010.06.22 10:18:59.070,1.36385,1.36405,1.60,1.60
2010.06.22 10:19:02.341,1.36385,1.36405,1.60,2.40
2010.06.22 10:19:02.564,1.36385,1.364,1.60,1.00
2010.06.22 10:19:04.994,1.364,1.3641,2.40,1.60
2010.06.22 10:19:05.451,1.36405,1.3641,2.40,1.00
2010.06.22 10:19:05.654,1.3641,1.36425,2.80,1.00
2010.06.22 10:19:05.841,1.3641,1.3643,3.60,4.00
2010.06.22 10:19:06.031,1.3641,1.3643,2.80,4.00
2010.06.22 10:19:06.411,1.36415,1.3643,2.40,4.00
2010.06.22 10:19:06.601,1.36415,1.3643,4.00,1.60
2010.06.22 10:19:07.159,1.36415,1.3643,5.60,2.40
2010.06.22 10:19:07.508,1.36415,1.3643,1.60,1.00
2010.06.22 10:19:08.253,1.36415,1.3643,1.60,1.60
2010.06.22 10:19:10.241,1.36415,1.36425,1.60,1.00
2010.06.22 10:19:10.331,1.36415,1.36425,1.60,1.60
2010.06.22 10:19:10.421,1.3641,1.3642,1.00,4.00
2010.06.22 10:19:10.511,1.3641,1.3642,1.00,4.80
2010.06.22 10:19:10.600,1.36405,1.3642,1.00,5.60
2010.06.22 10:19:10.690,1.36405,1.36415,1.00,1.60
2010.06.22 10:19:10.861,1.364,1.36415,1.60,1.60
2010.06.22 10:19:12.600,1.364,1.3642,1.60,8.30
2010.06.22 10:19:12.660,1.364,1.3642,3.20,6.70
2010.06.22 10:19:12.721,1.364,1.3642,3.60,4.70
2010.06.22 10:19:12.790,1.364,1.3642,3.90,1.20
2010.06.22 10:19:12.923,1.36405,1.3642,1.60,1.00
2010.06.22 10:19:13.111,1.36405,1.3642,2.40,1.00
2010.06.22 10:19:13.181,1.36405,1.3642,3.20,1.00
2010.06.22 10:19:13.251,1.36405,1.3642,2.40,1.00
2010.06.22 10:19:13.320,1.36405,1.36425,1.60,1.60
2010.06.22 10:19:14.098,1.36405,1.36425,3.90,1.60
2010.06.22 10:19:15.200,1.36405,1.3642,3.90,1.00
2010.06.22 10:19:15.410,1.36405,1.36415,3.90,2.40
2010.06.22 10:19:15.625,1.36405,1.3642,1.60,1.00
2010.06.22 10:19:16.177,1.364,1.3642,2.80,1.00
2010.06.22 10:19:16.388,1.364,1.3642,2.00,1.00
2010.06.22 10:19:16.594,1.364,1.36415,2.00,1.60
2010.06.22 10:19:16.792,1.364,1.36415,1.70,1.60
2010.06.22 10:19:18.404,1.364,1.36415,1.70,4.00
2010.06.22 10:19:20.764,1.364,1.36415,1.60,4.00
2010.06.22 10:19:23.173,1.364,1.3641,1.60,1.00
2010.06.22 10:19:24.202,1.36395,1.3641,2.80,3.20
2010.06.22 10:19:24.391,1.36395,1.3641,2.40,3.20
2010.06.22 10:19:24.581,1.36395,1.36405,1.00,1.00
2010.06.22 10:19:30.470,1.3639,1.36405,1.20,1.00
2010.06.22 10:19:30.756,1.3639,1.36405,2.00,1.00
2010.06.22 10:19:31.046,1.3639,1.36405,1.90,3.20
2010.06.22 10:19:31.334,1.36385,1.364,2.40,1.60
2010.06.22 10:19:31.612,1.3638,1.36395,3.20,1.00
2010.06.22 10:19:39.640,1.36385,1.36395,1.60,1.00
2010.06.22 10:19:42.430,1.36385,1.36395,3.20,1.00
2010.06.22 10:19:42.721,1.36385,1.364,2.40,1.00
2010.06.22 10:19:42.875,1.3639,1.364,3.20,1.00
2010.06.22 10:19:43.022,1.3639,1.36405,3.20,1.00
2010.06.22 10:19:43.170,1.36395,1.36405,1.00,1.00
2010.06.22 10:19:43.663,1.36395,1.3641,1.60,3.20
2010.06.22 10:19:45.684,1.3639,1.3641,3.60,3.20
2010.06.22 10:19:46.470,1.3639,1.3641,3.20,4.00
2010.06.22 10:19:46.739,1.36395,1.3641,1.60,4.80
2010.06.22 10:19:47.012,1.364,1.3641,1.60,1.00
2010.06.22 10:19:49.041,1.364,1.36405,1.60,1.60
2010.06.22 10:19:57.824,1.364,1.3641,1.60,1.60
2010.06.22 10:19:58.084,1.36405,1.3641,1.60,1.60
2010.06.22 10:20:00.422,1.364,1.36415,2.40,4.80
2010.06.22 10:20:00.766,1.364,1.36415,1.60,6.40
2010.06.22 10:20:01.321,1.36395,1.3641,2.40,1.00
2010.06.22 10:20:01.583,1.3639,1.3641,3.20,3.20
2010.06.22 10:20:01.835,1.3639,1.3641,3.20,1.60
2010.06.22 10:20:02.932,1.36395,1.3641,1.00,1.00
2010.06.22 10:20:03.175,1.3639,1.36405,1.60,1.60
2010.06.22 10:20:03.422,1.3639,1.36405,3.20,1.00
2010.06.22 10:20:05.124,1.36395,1.36405,1.00,1.00
2010.06.22 10:20:08.114,1.36395,1.3641,1.00,3.20
2010.06.22 10:20:08.346,1.36395,1.36405,1.60,1.00
2010.06.22 10:20:09.384,1.364,1.3641,1.60,1.00
2010.06.22 10:20:10.500,1.364,1.36415,1.60,8.00
2010.06.22 10:20:10.846,1.364,1.36415,1.60,6.40
2010.06.22 10:20:11.985,1.364,1.36415,1.60,8.00
2010.06.22 10:20:13.585,1.36405,1.36415,1.00,5.60
2010.06.22 10:20:13.831,1.36405,1.36415,1.00,4.00
2010.06.22 10:20:14.331,1.36405,1.36415,1.60,4.00
2010.06.22 10:20:16.920,1.36405,1.36415,1.00,4.00
2010.06.22 10:20:19.578,1.3641,1.3642,2.70,1.00
2010.06.22 10:20:19.927,1.36415,1.3643,1.60,1.60
2010.06.22 10:20:20.153,1.36415,1.36435,3.20,9.60
2010.06.22 10:20:20.909,1.36415,1.36425,1.60,6.40
2010.06.22 10:20:21.174,1.36415,1.3642,1.60,1.00
2010.06.22 10:20:21.432,1.3641,1.36425,1.60,7.90
2010.06.22 10:20:22.351,1.3641,1.3642,1.60,2.40
2010.06.22 10:20:22.946,1.3641,1.36415,1.60,1.60
2010.06.22 10:20:23.390,1.36405,1.36415,2.40,1.60
2010.06.22 10:20:23.602,1.364,1.36415,2.40,2.40
2010.06.22 10:20:23.810,1.364,1.36415,1.60,2.40
2010.06.22 10:20:24.650,1.364,1.36415,1.60,1.00
2010.06.22 10:20:24.963,1.36415,1.3642,1.60,2.40
2010.06.22 10:20:25.454,1.36415,1.3642,1.00,2.40
2010.06.22 10:20:25.588,1.3641,1.36415,1.60,1.00
2010.06.22 10:20:28.673,1.36405,1.36415,1.60,1.00
2010.06.22 10:20:30.462,1.3641,1.36415,1.60,1.00
2010.06.22 10:20:32.306,1.3641,1.3642,1.60,2.40
2010.06.22 10:20:32.583,1.3641,1.3642,1.60,1.00
2010.06.22 10:20:34.093,1.3641,1.3642,1.60,2.40
2010.06.22 10:20:34.440,1.3641,1.3642,1.60,1.00
2010.06.22 10:20:39.837,1.3641,1.36415,1.00,1.00
2010.06.22 10:20:40.168,1.3641,1.3642,1.60,1.00
2010.06.22 10:20:40.831,1.3641,1.36415,1.60,1.00
2010.06.22 10:20:42.832,1.3641,1.36415,1.00,1.60
2010.06.22 10:20:43.013,1.36395,1.3641,1.90,1.20
2010.06.22 10:20:43.192,1.364,1.36415,1.60,2.00
2010.06.22 10:20:43.643,1.364,1.36415,1.60,1.00
2010.06.22 10:20:43.828,1.36405,1.36425,2.70,5.40
2010.06.22 10:20:44.147,1.36405,1.3643,5.90,2.80
2010.06.22 10:20:44.470,1.3642,1.3643,1.60,1.00
2010.06.22 10:20:45.261,1.3642,1.36435,1.60,3.20
2010.06.22 10:20:46.700,1.3642,1.36435,1.60,6.40
2010.06.22 10:20:47.891,1.36415,1.36425,1.00,4.00
2010.06.22 10:20:48.131,1.3641,1.36425,1.60,4.00
2010.06.22 10:20:52.480,1.3641,1.36425,3.20,1.60
2010.06.22 10:20:52.599,1.3642,1.3643,1.60,1.60
2010.06.22 10:20:52.711,1.3642,1.36435,1.60,4.00
2010.06.22 10:20:53.042,1.3642,1.36435,1.00,4.00
2010.06.22 10:20:55.711,1.3642,1.36435,1.60,4.00
2010.06.22 10:20:56.561,1.3642,1.36435,1.00,4.00
2010.06.22 10:20:57.563,1.3642,1.36435,1.60,4.00
2010.06.22 10:20:57.862,1.3641,1.3642,1.60,1.60
2010.06.22 10:20:58.178,1.3641,1.36425,1.60,2.40
2010.06.22 10:20:58.918,1.3641,1.3642,1.60,1.00
2010.06.22 10:21:01.471,1.3641,1.36425,1.60,6.40
2010.06.22 10:21:01.701,1.3641,1.36425,1.60,2.40
2010.06.22 10:21:01.933,1.3641,1.36425,1.00,1.00
2010.06.22 10:21:02.493,1.3641,1.3643,2.40,3.20
2010.06.22 10:21:02.727,1.36415,1.3643,1.60,2.40
2010.06.22 10:21:03.421,1.36415,1.3643,1.60,1.60
2010.06.22 10:21:04.953,1.36415,1.36435,3.20,8.00
2010.06.22 10:21:05.541,1.36415,1.3643,3.20,1.00
2010.06.22 10:21:06.115,1.3641,1.3643,2.40,4.00
2010.06.22 10:21:06.909,1.36415,1.3643,1.00,2.40
2010.06.22 10:21:07.133,1.36415,1.3643,1.60,2.40
2010.06.22 10:21:08.278,1.3642,1.3643,1.00,2.40
2010.06.22 10:21:09.330,1.36415,1.3643,1.60,2.40
2010.06.22 10:21:10.843,1.36415,1.3643,1.60,1.60
2010.06.22 10:21:10.984,1.36415,1.36435,3.20,4.80
2010.06.22 10:21:11.113,1.36415,1.36435,3.50,4.00
2010.06.22 10:21:12.169,1.3642,1.3643,1.00,1.60
2010.06.22 10:21:12.424,1.3642,1.3643,1.00,4.00
2010.06.22 10:21:12.682,1.36415,1.3643,1.00,4.80
2010.06.22 10:21:13.191,1.36415,1.36425,1.00,1.60
2010.06.22 10:21:13.783,1.36415,1.36425,1.00,3.20
2010.06.22 10:21:14.134,1.36405,1.36425,3.20,8.00
2010.06.22 10:21:14.925,1.36405,1.36425,5.60,2.40
2010.06.22 10:21:15.211,1.36415,1.3643,1.60,1.00
2010.06.22 10:21:15.951,1.36415,1.3643,1.00,1.00
2010.06.22 10:21:16.301,1.3641,1.3643,3.20,1.60
2010.06.22 10:21:16.907,1.36415,1.3643,1.00,2.40
2010.06.22 10:21:17.175,1.3641,1.3643,3.20,4.00
2010.06.22 10:21:17.902,1.364,1.36415,3.20,6.40
2010.06.22 10:21:18.155,1.364,1.36415,1.60,6.40
2010.06.22 10:21:18.412,1.36395,1.36415,3.20,6.40
2010.06.22 10:21:24.551,1.364,1.36415,1.00,6.40
2010.06.22 10:21:28.425,1.36395,1.36415,3.20,6.40
2010.06.22 10:21:30.309,1.364,1.36415,1.00,4.80
2010.06.22 10:21:30.459,1.36395,1.36415,3.20,6.40
2010.06.22 10:21:30.604,1.364,1.3641,1.00,2.40
2010.06.22 10:21:31.294,1.3639,1.3641,1.10,4.80
2010.06.22 10:21:31.634,1.3639,1.3641,3.50,4.00
2010.06.22 10:21:31.976,1.36395,1.3641,1.60,2.40
2010.06.22 10:21:49.620,1.36395,1.3641,1.60,1.00
2010.06.22 10:21:49.946,1.3639,1.36405,1.00,4.80
2010.06.22 10:21:50.262,1.36385,1.36405,3.50,1.00
2010.06.22 10:21:50.582,1.36385,1.3641,1.90,4.80
2010.06.22 10:21:54.086,1.36385,1.3641,1.10,4.80
2010.06.22 10:21:55.090,1.36385,1.3641,4.30,2.40
2010.06.22 10:21:55.231,1.36385,1.3641,5.10,2.40
2010.06.22 10:21:55.514,1.36395,1.36405,1.60,1.60
2010.06.22 10:21:56.234,1.36385,1.36405,5.90,4.80
2010.06.22 10:21:59.163,1.36385,1.36405,6.00,4.80
2010.06.22 10:21:59.443,1.3639,1.36405,1.60,3.20
2010.06.22 10:21:59.722,1.3639,1.36405,3.20,3.20
2010.06.22 10:22:01.939,1.3639,1.36405,3.20,4.00
2010.06.22 10:22:02.112,1.3639,1.36405,3.20,3.20
2010.06.22 10:22:03.142,1.3639,1.36405,3.20,1.60
2010.06.22 10:22:04.857,1.3639,1.36405,3.20,3.20
2010.06.22 10:22:05.173,1.3639,1.36405,3.20,2.40
2010.06.22 10:22:07.107,1.3639,1.36405,1.60,3.20
2010.06.22 10:22:14.537,1.36385,1.36405,3.20,7.20
2010.06.22 10:22:16.861,1.36385,1.364,1.60,2.40
2010.06.22 10:22:17.104,1.3638,1.364,3.50,3.20
2010.06.22 10:22:17.371,1.36385,1.364,1.00,2.40
2010.06.22 10:22:26.502,1.36385,1.364,2.40,1.00
2010.06.22 10:22:26.691,1.36385,1.36405,3.20,7.20
2010.06.22 10:22:27.777,1.36385,1.36405,3.20,8.00
2010.06.22 10:22:34.984,1.3639,1.36405,1.00,5.60
2010.06.22 10:22:35.658,1.3639,1.36405,1.00,7.20
2010.06.22 10:22:42.014,1.3639,1.36405,1.00,3.20
2010.06.22 10:22:42.432,1.3639,1.36405,1.00,4.80
2010.06.22 10:22:43.763,1.3639,1.36405,1.00,7.20
2010.06.22 10:22:46.076,1.36385,1.364,4.00,1.60
2010.06.22 10:22:46.428,1.3639,1.36395,1.00,1.00
2010.06.22 10:22:46.913,1.3639,1.36395,1.00,3.20
2010.06.22 10:22:47.229,1.3638,1.36395,1.00,6.40
2010.06.22 10:22:50.495,1.3638,1.3639,1.00,1.00
2010.06.22 10:22:51.242,1.3638,1.3639,1.00,2.40
2010.06.22 10:22:51.549,1.36375,1.3639,1.60,2.40
2010.06.22 10:22:51.885,1.36375,1.3639,1.00,2.40
2010.06.22 10:22:53.044,1.36375,1.3639,1.60,2.40
2010.06.22 10:22:53.385,1.3638,1.3639,1.00,2.40
2010.06.22 10:22:56.804,1.36375,1.3639,1.00,2.40
2010.06.22 10:22:57.398,1.3638,1.3639,1.00,2.40
2010.06.22 10:22:57.527,1.36375,1.3639,1.60,2.40
2010.06.22 10:22:58.863,1.3638,1.3639,1.00,2.40
2010.06.22 10:23:01.147,1.36375,1.3639,1.60,2.40
2010.06.22 10:23:02.905,1.36375,1.3639,1.00,2.40
2010.06.22 10:23:04.674,1.36375,1.3639,1.00,1.00
2010.06.22 10:23:05.338,1.36375,1.36395,1.60,8.00
2010.06.22 10:23:05.588,1.3638,1.36395,1.00,7.20
2010.06.22 10:23:12.166,1.3638,1.3639,1.00,1.60
2010.06.22 10:23:15.284,1.3638,1.3639,1.00,2.40
2010.06.22 10:23:15.638,1.36375,1.3639,1.00,2.40
2010.06.22 10:23:17.175,1.36375,1.36385,1.00,1.00
2010.06.22 10:23:17.515,1.36375,1.36385,1.00,2.40
2010.06.22 10:23:25.931,1.36375,1.36385,1.00,1.00
2010.06.22 10:23:26.081,1.3637,1.3639,3.20,3.20
2010.06.22 10:23:27.754,1.36375,1.3639,1.00,2.40
2010.06.22 10:23:30.892,1.3638,1.3639,1.00,2.40
2010.06.22 10:23:32.012,1.36375,1.3639,1.00,2.40
2010.06.22 10:23:33.660,1.36375,1.3639,1.00,1.00
2010.06.22 10:23:33.914,1.3638,1.3639,1.00,2.40
2010.06.22 10:23:34.161,1.36375,1.3639,1.60,2.40
2010.06.22 10:23:34.737,1.3638,1.3639,1.00,2.40
2010.06.22 10:23:34.934,1.36375,1.3639,1.60,2.40
2010.06.22 10:23:39.379,1.3638,1.3639,1.00,2.40
2010.06.22 10:23:49.057,1.36385,1.3639,1.00,2.40
2010.06.22 10:23:49.222,1.36385,1.36395,1.00,5.60
2010.06.22 10:23:49.396,1.36385,1.36395,1.00,4.00
2010.06.22 10:23:59.061,1.36385,1.36395,1.00,4.80
2010.06.22 10:23:59.982,1.3638,1.36395,1.00,4.80
2010.06.22 10:24:02.761,1.3638,1.36395,1.00,4.00
2010.06.22 10:24:02.841,1.3638,1.36395,2.40,4.00
2010.06.22 10:24:02.921,1.36385,1.36395,1.00,4.00
2010.06.22 10:24:03.240,1.3638,1.36395,1.00,4.00
2010.06.22 10:24:04.373,1.3638,1.36395,1.00,6.40
2010.06.22 10:24:05.403,1.36385,1.36395,1.00,4.80
2010.06.22 10:24:05.594,1.36385,1.36395,1.60,1.00
2010.06.22 10:24:06.167,1.36385,1.364,1.60,1.60
2010.06.22 10:24:06.398,1.3639,1.3641,1.00,4.40
2010.06.22 10:24:06.626,1.3639,1.3641,1.00,4.40
2010.06.22 10:24:06.853,1.3639,1.3641,1.00,4.00
2010.06.22 10:24:09.332,1.3639,1.3641,4.30,3.20
2010.06.22 10:24:11.155,1.3639,1.3641,3.50,3.20
2010.06.22 10:24:11.494,1.3639,1.3641,4.30,3.20
2010.06.22 10:24:11.663,1.3639,1.3641,3.50,3.20
2010.06.22 10:24:14.440,1.3639,1.3641,2.70,3.20
2010.06.22 10:24:16.852,1.3639,1.3641,2.40,3.20
2010.06.22 10:24:17.311,1.3639,1.3641,3.20,3.20
2010.06.22 10:24:18.503,1.3639,1.3641,6.40,3.20
2010.06.22 10:24:18.746,1.36395,1.3641,1.00,2.40
2010.06.22 10:24:18.984,1.3639,1.3641,3.50,3.20
2010.06.22 10:24:19.224,1.3639,1.3641,3.20,3.20
2010.06.22 10:24:20.714,1.3639,1.36405,2.40,1.60
2010.06.22 10:24:22.857,1.3639,1.36405,1.60,1.60
2010.06.22 10:24:23.551,1.3639,1.364,1.60,1.60
2010.06.22 10:24:24.157,1.3639,1.3641,2.40,3.20
2010.06.22 10:24:24.475,1.3639,1.3641,3.20,3.20
2010.06.22 10:24:24.798,1.364,1.3641,1.00,2.40
2010.06.22 10:24:25.429,1.3639,1.3641,7.50,3.20
2010.06.22 10:24:25.779,1.36395,1.3641,1.00,2.40
2010.06.22 10:24:27.454,1.36395,1.3641,1.00,1.60
2010.06.22 10:24:30.541,1.3639,1.3641,4.30,2.40
2010.06.22 10:24:34.093,1.3639,1.3641,5.10,2.40
2010.06.22 10:24:40.901,1.36395,1.3641,1.00,2.40
2010.06.22 10:24:41.291,1.36395,1.3641,1.00,1.60
2010.06.22 10:24:41.702,1.36395,1.3641,1.00,2.40
2010.06.22 10:24:41.912,1.36395,1.3641,1.00,1.60
2010.06.22 10:24:52.991,1.36395,1.3641,1.60,1.60
2010.06.22 10:24:53.102,1.364,1.3641,1.00,1.60
2010.06.22 10:24:55.038,1.364,1.3641,1.60,1.60
2010.06.22 10:24:55.155,1.36405,1.36415,1.00,4.00
2010.06.22 10:24:55.691,1.36405,1.36415,1.60,2.40
2010.06.22 10:24:55.819,1.36405,1.3642,1.00,9.60
2010.06.22 10:24:55.932,1.36405,1.36415,1.60,1.60
2010.06.22 10:24:58.966,1.364,1.36415,1.60,2.40
2010.06.22 10:24:59.243,1.36405,1.36415,1.00,1.60
2010.06.22 10:25:02.922,1.364,1.36415,1.60,2.40
2010.06.22 10:25:03.864,1.36405,1.36415,1.60,1.60
2010.06.22 10:25:04.115,1.36405,1.36415,1.00,1.60
2010.06.22 10:25:05.037,1.36405,1.36415,1.60,1.60
2010.06.22 10:25:05.646,1.36405,1.3642,1.60,8.40
2010.06.22 10:25:06.509,1.36405,1.3642,1.60,10.00
2010.06.22 10:25:06.860,1.36405,1.36415,1.60,1.60
2010.06.22 10:25:07.204,1.36405,1.3642,1.60,6.80
2010.06.22 10:25:07.455,1.36405,1.3642,1.60,8.40
2010.06.22 10:25:08.458,1.36415,1.3642,1.60,2.80
2010.06.22 10:25:09.120,1.3642,1.36425,1.60,1.00
2010.06.22 10:25:09.385,1.3642,1.36435,1.60,6.40
2010.06.22 10:25:10.858,1.3642,1.36435,1.00,6.40
2010.06.22 10:25:11.942,1.3642,1.3643,1.00,2.40
2010.06.22 10:25:12.245,1.3641,1.3643,2.80,4.80
2010.06.22 10:25:12.544,1.36415,1.3643,1.00,4.80
2010.06.22 10:25:14.455,1.36415,1.3643,4.00,1.00
2010.06.22 10:25:14.567,1.36415,1.36435,3.20,4.00
2010.06.22 10:25:14.772,1.36415,1.36435,4.30,4.00
2010.06.22 10:25:14.882,1.3642,1.36435,1.60,4.00
2010.06.22 10:25:17.448,1.3642,1.3643,1.60,2.40
2010.06.22 10:25:17.805,1.3642,1.3643,1.60,1.00
2010.06.22 10:25:17.977,1.3642,1.36435,1.60,6.40
2010.06.22 10:25:18.155,1.3642,1.36435,1.60,4.80
2010.06.22 10:25:20.753,1.36415,1.3643,3.20,1.00
2010.06.22 10:25:22.312,1.36415,1.3643,3.20,2.40
2010.06.22 10:25:25.171,1.36415,1.3643,2.40,2.40
2010.06.22 10:25:25.440,1.36415,1.3643,3.20,2.40
2010.06.22 10:25:25.867,1.36415,1.3643,3.20,1.00
2010.06.22 10:25:26.194,1.3642,1.3643,1.60,1.60
2010.06.22 10:25:30.633,1.36415,1.36435,4.00,4.00
2010.06.22 10:25:30.854,1.3641,1.36425,3.10,2.40
2010.06.22 10:25:31.517,1.3641,1.36425,1.60,4.80
2010.06.22 10:25:34.691,1.3641,1.3643,1.60,6.40
2010.06.22 10:25:34.842,1.3641,1.36425,1.60,1.60
2010.06.22 10:25:34.992,1.3641,1.36425,2.00,1.60
2010.06.22 10:25:38.741,1.3641,1.36425,1.60,2.40
2010.06.22 10:25:39.972,1.3641,1.36425,1.60,4.00
2010.06.22 10:25:40.724,1.36405,1.36425,3.20,7.20
2010.06.22 10:25:40.973,1.36405,1.3642,1.60,1.00
2010.06.22 10:25:41.253,1.364,1.3642,4.00,3.20
2010.06.22 10:25:41.963,1.364,1.3642,3.20,4.00
2010.06.22 10:25:46.679,1.36405,1.3642,1.00,2.40
2010.06.22 10:25:47.514,1.36405,1.3642,1.60,2.40
2010.06.22 10:25:50.011,1.36405,1.3642,1.60,1.00
2010.06.22 10:25:50.202,1.36405,1.36425,1.60,8.00
2010.06.22 10:25:50.302,1.3641,1.36425,1.60,6.40
2010.06.22 10:25:53.320,1.3641,1.36425,4.00,2.40
2010.06.22 10:25:53.555,1.36415,1.3643,1.60,2.40
2010.06.22 10:25:54.032,1.3641,1.3643,4.30,2.40
2010.06.22 10:25:54.807,1.3641,1.3643,2.40,2.40
2010.06.22 10:25:55.133,1.3641,1.3643,1.00,2.40
2010.06.22 10:25:56.474,1.3641,1.36425,1.60,2.40
2010.06.22 10:25:57.133,1.3641,1.36425,1.60,4.00
2010.06.22 10:26:02.112,1.3641,1.36425,1.60,2.40
2010.06.22 10:26:02.224,1.36415,1.36425,1.60,2.40
2010.06.22 10:26:02.331,1.36415,1.36425,1.60,1.60
2010.06.22 10:26:02.443,1.36415,1.3643,1.00,2.40
2010.06.22 10:26:07.205,1.3641,1.36425,3.20,2.40
2010.06.22 10:26:07.413,1.3641,1.36425,1.60,4.00
2010.06.22 10:26:09.262,1.3641,1.3642,1.60,1.00
2010.06.22 10:26:09.805,1.3641,1.3642,1.00,1.00
2010.06.22 10:26:09.914,1.3641,1.3642,1.60,1.00
2010.06.22 10:26:10.712,1.3641,1.36425,1.60,4.00
2010.06.22 10:26:12.014,1.3641,1.36425,1.60,1.60
2010.06.22 10:26:12.504,1.3641,1.3643,1.60,9.60
2010.06.22 10:26:12.790,1.36415,1.3643,1.60,2.40
2010.06.22 10:26:13.514,1.36415,1.36435,2.80,7.20
2010.06.22 10:26:14.137,1.3642,1.36435,1.60,4.00
2010.06.22 10:26:14.315,1.3642,1.36435,1.60,2.40
2010.06.22 10:26:14.903,1.3642,1.36435,1.60,4.80
2010.06.22 10:26:15.790,1.36415,1.3643,3.20,1.00
2010.06.22 10:26:16.134,1.36415,1.3643,1.00,1.00
2010.06.22 10:26:17.155,1.3642,1.36435,1.60,4.00
2010.06.22 10:26:18.353,1.3642,1.36435,1.60,6.40
2010.06.22 10:26:21.120,1.3642,1.36435,1.60,4.80
2010.06.22 10:26:21.302,1.3642,1.36435,1.60,2.40
2010.06.22 10:26:21.483,1.3642,1.36435,1.60,4.00
2010.06.22 10:26:22.188,1.3642,1.3643,1.60,2.40
2010.06.22 10:26:22.494,1.36415,1.3643,1.20,2.40
2010.06.22 10:26:22.788,1.3642,1.3643,1.00,2.40
2010.06.22 10:26:23.471,1.3642,1.36435,1.60,2.40
2010.06.22 10:26:23.813,1.3642,1.36435,1.60,1.00
2010.06.22 10:26:24.156,1.3642,1.3644,3.20,7.20
2010.06.22 10:26:24.508,1.3643,1.3644,1.60,1.00
2010.06.22 10:26:24.794,1.3643,1.3645,4.00,4.00
2010.06.22 10:26:25.083,1.3643,1.3645,4.30,4.00
2010.06.22 10:26:26.178,1.3643,1.3644,2.70,4.00
2010.06.22 10:26:26.384,1.3643,1.3644,1.10,7.20
2010.06.22 10:26:26.584,1.36425,1.3644,1.60,8.00
2010.06.22 10:26:27.508,1.36425,1.3644,1.60,5.60
2010.06.22 10:26:27.807,1.36425,1.36445,1.00,8.00
2010.06.22 10:26:28.056,1.36425,1.36445,1.60,5.60
2010.06.22 10:26:28.303,1.3643,1.3644,1.60,1.00
2010.06.22 10:26:28.987,1.3642,1.3644,9.10,2.40
2010.06.22 10:26:29.311,1.3642,1.3644,9.10,3.20
2010.06.22 10:26:29.645,1.3642,1.3643,4.00,6.40
2010.06.22 10:26:29.976,1.364,1.3641,1.60,1.00
2010.06.22 10:26:30.306,1.36395,1.3641,5.60,1.00
2010.06.22 10:26:31.058,1.364,1.36415,1.60,4.80
2010.06.22 10:26:31.274,1.36405,1.36415,1.20,1.00
2010.06.22 10:26:31.495,1.36405,1.36415,2.00,1.00
2010.06.22 10:26:31.713,1.3641,1.3642,1.60,1.00
2010.06.22 10:26:32.867,1.3641,1.36425,3.60,2.40
2010.06.22 10:26:33.824,1.3642,1.3643,1.60,10.00
2010.06.22 10:26:34.055,1.36425,1.36435,1.60,4.00
2010.06.22 10:26:34.742,1.36425,1.36435,1.60,1.00
2010.06.22 10:26:34.965,1.3642,1.3643,2.40,1.00
2010.06.22 10:26:35.184,1.36415,1.3643,5.50,1.60
2010.06.22 10:26:35.831,1.3642,1.36435,3.20,1.00
2010.06.22 10:26:36.164,1.3642,1.36435,1.60,1.00
2010.06.22 10:26:36.821,1.36415,1.36435,5.10,4.80
2010.06.22 10:26:37.153,1.3642,1.3643,1.60,1.00
2010.06.22 10:26:40.090,1.3642,1.36435,1.60,6.40
2010.06.22 10:26:40.455,1.3642,1.36435,3.20,4.80
2010.06.22 10:26:40.543,1.3642,1.36435,3.20,2.40
2010.06.22 10:26:41.420,1.3642,1.36435,1.60,2.40
2010.06.22 10:26:43.476,1.3642,1.36435,6.40,1.00
2010.06.22 10:26:43.741,1.3642,1.36435,8.00,1.00
2010.06.22 10:26:44.862,1.3642,1.36435,5.60,1.00
2010.06.22 10:26:45.083,1.3642,1.3643,1.60,1.00
2010.06.22 10:26:46.752,1.3642,1.36435,3.20,3.20
2010.06.22 10:26:47.398,1.3642,1.36435,4.00,2.40
2010.06.22 10:26:47.730,1.3642,1.3643,1.60,1.00
2010.06.22 10:26:49.033,1.3642,1.36435,1.60,4.00
2010.06.22 10:26:49.272,1.3642,1.36435,1.60,2.40
2010.06.22 10:26:50.268,1.3642,1.36435,4.80,2.40
2010.06.22 10:26:50.434,1.3642,1.36435,6.40,1.00
2010.06.22 10:26:50.591,1.3642,1.36435,8.00,1.00
2010.06.22 10:26:57.953,1.3642,1.36435,6.40,1.00
2010.06.22 10:26:58.062,1.3642,1.36435,4.80,1.00
2010.06.22 10:26:58.407,1.3642,1.36435,3.60,1.00
2010.06.22 10:26:59.554,1.36425,1.36435,1.00,2.40
2010.06.22 10:26:59.776,1.3642,1.36435,3.10,2.40
2010.06.22 10:27:00.008,1.36425,1.36435,1.60,2.40
2010.06.22 10:27:00.787,1.3642,1.36435,6.10,2.40
2010.06.22 10:27:03.712,1.3642,1.36435,5.30,4.80
2010.06.22 10:27:04.299,1.3642,1.3643,5.30,1.00
2010.06.22 10:27:04.529,1.3642,1.36435,1.60,5.60
2010.06.22 10:27:07.361,1.3642,1.3643,1.60,1.00
2010.06.22 10:27:07.472,1.3642,1.3643,1.60,4.00
2010.06.22 10:27:07.582,1.36415,1.36425,1.60,1.00
2010.06.22 10:27:07.693,1.36415,1.36425,1.60,3.20
2010.06.22 10:27:07.802,1.3641,1.3642,1.60,1.00
2010.06.22 10:27:08.824,1.3641,1.36425,1.60,7.20
2010.06.22 10:27:09.633,1.3641,1.3642,1.60,2.40
2010.06.22 10:27:09.833,1.3641,1.3642,1.60,3.20
2010.06.22 10:27:10.032,1.36405,1.3642,1.60,3.20
2010.06.22 10:27:11.070,1.3641,1.3642,1.60,1.60
2010.06.22 10:27:11.270,1.3641,1.3642,1.60,1.00
2010.06.22 10:27:12.285,1.3641,1.36425,1.60,7.20
2010.06.22 10:27:12.586,1.36415,1.36425,1.00,7.20
2010.06.22 10:27:12.884,1.3641,1.36425,1.60,6.40
2010.06.22 10:27:14.793,1.3641,1.36425,1.60,4.80
2010.06.22 10:27:15.010,1.3641,1.36425,1.60,6.40
2010.06.22 10:27:15.216,1.3641,1.36425,1.60,5.60
2010.06.22 10:27:15.808,1.3641,1.36415,1.60,2.40
2010.06.22 10:27:16.089,1.364,1.3641,1.60,1.00
2010.06.22 10:27:16.367,1.36395,1.3641,1.00,1.00
2010.06.22 10:27:18.950,1.36395,1.3641,2.40,1.00
2010.06.22 10:27:19.102,1.36395,1.36415,2.40,4.00
2010.06.22 10:27:19.394,1.364,1.36415,4.60,2.80
2010.06.22 10:27:20.104,1.364,1.36415,4.60,3.20
2010.06.22 10:27:20.463,1.364,1.36415,4.60,1.60
2010.06.22 10:27:20.645,1.36405,1.3642,2.80,5.20
2010.06.22 10:27:20.825,1.3641,1.3642,1.00,1.20
2010.06.22 10:27:21.003,1.3641,1.3642,1.60,1.20
2010.06.22 10:27:21.182,1.3641,1.36425,1.60,8.00
2010.06.22 10:27:22.622,1.3641,1.3642,1.60,4.80
2010.06.22 10:27:22.701,1.3641,1.3642,1.00,4.80
2010.06.22 10:27:22.781,1.36405,1.3642,2.40,6.40
2010.06.22 10:27:22.861,1.36405,1.3642,1.60,6.40
2010.06.22 10:27:23.011,1.36405,1.36415,1.60,1.00
2010.06.22 10:27:26.099,1.364,1.36415,2.40,2.40
2010.06.22 10:27:26.363,1.364,1.36415,1.60,2.40
2010.06.22 10:27:30.024,1.36405,1.3642,1.00,11.20
2010.06.22 10:27:30.302,1.36405,1.36415,1.60,1.00
2010.06.22 10:27:30.557,1.3641,1.36415,1.60,1.00
2010.06.22 10:27:31.215,1.36415,1.3642,1.00,1.00
2010.06.22 10:27:31.476,1.3641,1.36425,1.60,4.40
2010.06.22 10:27:31.733,1.3641,1.36425,1.60,4.80
2010.06.22 10:27:33.048,1.3641,1.36425,1.60,5.20
2010.06.22 10:27:33.659,1.36415,1.36425,1.00,4.80
2010.06.22 10:27:33.906,1.3642,1.3643,1.00,4.80
2010.06.22 10:27:34.623,1.3642,1.3643,1.60,3.20
2010.06.22 10:27:35.651,1.3642,1.3643,1.60,4.80
2010.06.22 10:27:36.397,1.3642,1.3643,1.60,3.20
2010.06.22 10:27:37.032,1.3642,1.36425,1.00,1.00
2010.06.22 10:27:37.295,1.36415,1.36425,1.60,1.00
2010.06.22 10:27:37.553,1.3642,1.36425,1.60,1.00
2010.06.22 10:27:40.002,1.36415,1.36425,1.60,1.00
2010.06.22 10:27:43.024,1.3642,1.36425,1.60,1.00
2010.06.22 10:27:46.503,1.36415,1.36425,2.40,1.00
2010.06.22 10:27:46.852,1.36415,1.36425,1.60,1.00
2010.06.22 10:27:51.281,1.3641,1.36425,1.60,7.20
2010.06.22 10:27:51.409,1.36405,1.36425,7.20,8.80
2010.06.22 10:27:51.531,1.36415,1.36425,1.60,5.60
2010.06.22 10:27:52.073,1.3641,1.3642,1.60,1.00
2010.06.22 10:27:52.200,1.364,1.3641,3.60,1.60
2010.06.22 10:27:52.921,1.3639,1.364,4.70,2.40
2010.06.22 10:27:53.267,1.36385,1.364,2.40,3.20
2010.06.22 10:27:53.616,1.3639,1.364,1.60,1.00
2010.06.22 10:27:54.524,1.36395,1.36405,1.00,4.80
2010.06.22 10:27:54.823,1.36395,1.36405,1.60,3.20
2010.06.22 10:27:57.787,1.36395,1.3641,1.60,6.40
2010.06.22 10:27:57.933,1.36395,1.36405,1.60,1.00
2010.06.22 10:27:59.224,1.36395,1.36405,1.60,3.20
2010.06.22 10:28:03.881,1.36395,1.36405,1.60,1.00
2010.06.22 10:28:05.312,1.36395,1.36405,1.00,1.00
2010.06.22 10:28:05.919,1.36395,1.3641,1.60,8.80
2010.06.22 10:28:11.045,1.36395,1.3641,1.60,8.00
2010.06.22 10:28:11.522,1.36395,1.3641,3.20,3.20
2010.06.22 10:28:11.764,1.364,1.3641,1.60,1.20
2010.06.22 10:28:12.468,1.364,1.3641,1.60,1.00
2010.06.22 10:28:12.807,1.364,1.36415,1.60,4.80
2010.06.22 10:28:32.953,1.364,1.36415,1.60,4.00
2010.06.22 10:28:33.044,1.364,1.36415,3.30,1.60
2010.06.22 10:28:33.601,1.3641,1.3642,1.60,3.20
2010.06.22 10:28:33.953,1.36425,1.3643,1.60,1.20
2010.06.22 10:28:34.737,1.3642,1.36435,1.60,1.00
2010.06.22 10:28:35.091,1.3642,1.36435,1.20,1.00
2010.06.22 10:28:39.289,1.3642,1.36435,1.00,1.00
2010.06.22 10:28:39.588,1.36415,1.36435,6.40,1.00
2010.06.22 10:28:40.270,1.36415,1.3643,4.80,1.00
2010.06.22 10:28:40.579,1.3642,1.3643,1.60,1.00
2010.06.22 10:28:41.376,1.3642,1.36435,1.60,1.00
2010.06.22 10:28:41.721,1.36415,1.36435,8.90,1.00
2010.06.22 10:28:42.061,1.36415,1.36435,7.30,1.00
2010.06.22 10:28:42.403,1.36415,1.36435,5.90,1.00
2010.06.22 10:28:43.589,1.3642,1.3643,1.60,1.00
2010.06.22 10:28:44.410,1.3642,1.3643,1.00,1.00
2010.06.22 10:28:45.225,1.36415,1.3643,3.60,1.00
2010.06.22 10:28:48.951,1.36415,1.36425,1.60,1.00
2010.06.22 10:28:57.757,1.36415,1.3642,1.00,1.00
2010.06.22 10:28:58.218,1.3641,1.3642,8.00,1.00
2010.06.22 10:28:58.373,1.3641,1.3642,1.60,1.00
2010.06.22 10:29:03.177,1.364,1.3641,1.60,1.00
2010.06.22 10:29:03.798,1.36395,1.3641,2.40,1.00
2010.06.22 10:29:04.081,1.36395,1.3641,3.20,1.00
2010.06.22 10:29:05.465,1.364,1.36415,3.20,5.60
2010.06.22 10:29:06.104,1.364,1.36415,4.00,1.00
2010.06.22 10:29:06.309,1.364,1.36415,2.00,3.20
2010.06.22 10:29:06.657,1.36395,1.36415,4.80,6.40
2010.06.22 10:29:07.005,1.36395,1.3641,3.20,1.00
2010.06.22 10:29:07.787,1.364,1.36415,1.00,4.80
2010.06.22 10:29:08.014,1.364,1.36415,1.60,4.80
2010.06.22 10:29:08.683,1.364,1.3641,1.60,4.00
2010.06.22 10:29:09.005,1.364,1.3641,1.60,1.00
2010.06.22 10:29:09.545,1.364,1.3641,1.60,1.60
2010.06.22 10:29:09.873,1.364,1.3641,1.00,7.00
2010.06.22 10:29:10.029,1.3639,1.36405,1.60,4.00
2010.06.22 10:29:10.183,1.3639,1.36405,1.60,6.00
2010.06.22 10:29:10.332,1.3639,1.36405,1.60,3.60
2010.06.22 10:29:10.481,1.3639,1.36405,3.20,3.60
2010.06.22 10:29:10.632,1.3639,1.36405,3.20,2.80
2010.06.22 10:29:11.326,1.36395,1.36405,1.00,2.00
2010.06.22 10:29:11.679,1.364,1.3641,1.00,1.00
2010.06.22 10:29:13.455,1.3639,1.36405,7.70,1.00
2010.06.22 10:29:13.656,1.3639,1.36405,6.80,1.00
2010.06.22 10:29:13.852,1.3639,1.36405,5.20,1.00
2010.06.22 10:29:17.739,1.3639,1.36405,3.20,1.60
2010.06.22 10:29:17.993,1.3639,1.36405,3.20,3.20
2010.06.22 10:29:19.012,1.3639,1.364,3.20,1.00
2010.06.22 10:29:19.877,1.36385,1.36395,1.00,1.00
2010.06.22 10:29:19.974,1.3638,1.364,5.20,1.60
2010.06.22 10:29:20.034,1.3638,1.364,4.40,2.40
2010.06.22 10:29:20.474,1.3638,1.364,4.80,2.40
2010.06.22 10:29:20.517,1.36385,1.364,3.20,1.00
2010.06.22 10:29:22.094,1.36385,1.364,1.60,2.40
2010.06.22 10:29:22.215,1.3638,1.364,6.40,4.00
2010.06.22 10:29:22.452,1.3638,1.364,5.60,4.00
2010.06.22 10:29:23.037,1.3638,1.364,5.60,3.20
2010.06.22 10:29:24.063,1.3638,1.364,5.20,3.20
2010.06.22 10:29:24.392,1.3638,1.364,7.20,3.20
2010.06.22 10:29:27.811,1.3638,1.364,7.20,4.00
2010.06.22 10:29:30.691,1.3638,1.36395,5.90,1.00
2010.06.22 10:29:31.351,1.3638,1.36395,4.00,1.00
2010.06.22 10:29:31.878,1.3638,1.36395,3.60,1.60
2010.06.22 10:29:32.147,1.3638,1.36395,2.80,1.00
2010.06.22 10:29:32.844,1.3638,1.364,3.60,4.00
2010.06.22 10:29:33.192,1.36385,1.364,1.60,2.40
2010.06.22 10:29:39.864,1.36385,1.36405,2.40,8.80
2010.06.22 10:29:40.388,1.36385,1.364,2.40,1.00
2010.06.22 10:29:40.568,1.3639,1.36405,1.00,7.20
2010.06.22 10:29:42.232,1.3639,1.36405,1.00,6.40
2010.06.22 10:29:44.131,1.36385,1.36405,4.00,8.00
2010.06.22 10:29:44.373,1.36385,1.364,4.00,1.00
2010.06.22 10:29:44.613,1.36385,1.364,3.20,1.00
2010.06.22 10:29:50.362,1.36385,1.364,2.40,1.00
2010.06.22 10:29:51.387,1.3638,1.36395,4.00,1.60
2010.06.22 10:29:51.932,1.3638,1.36395,3.20,4.00
2010.06.22 10:29:52.203,1.3638,1.36395,3.60,1.60
2010.06.22 10:29:52.493,1.3638,1.36395,4.00,1.60
2010.06.22 10:29:53.470,1.36385,1.36405,3.60,8.80
2010.06.22 10:29:55.762,1.36385,1.36405,4.40,8.80
2010.06.22 10:29:55.972,1.3639,1.36405,1.60,7.20
2010.06.22 10:29:57.386,1.36385,1.36405,4.00,8.80
2010.06.22 10:29:57.565,1.36385,1.36405,3.20,9.60
2010.06.22 10:29:59.650,1.36385,1.36405,3.20,10.40
2010.06.22 10:30:00.402,1.36385,1.364,1.60,1.60
2010.06.22 10:30:01.725,1.36385,1.364,1.60,3.20
2010.06.22 10:30:02.274,1.36385,1.36395,1.60,1.00
2010.06.22 10:30:02.551,1.36385,1.36395,1.60,1.60
2010.06.22 10:30:06.182,1.36385,1.364,1.60,3.20
2010.06.22 10:30:08.582,1.36385,1.36395,1.60,1.00
2010.06.22 10:30:10.262,1.36385,1.364,1.60,3.20
2010.06.22 10:30:11.528,1.36385,1.364,2.40,1.00
2010.06.22 10:30:11.745,1.3639,1.364,1.00,1.00
2010.06.22 10:30:11.955,1.36385,1.364,1.60,2.40
2010.06.22 10:30:12.805,1.36385,1.364,3.20,1.00
2010.06.22 10:30:13.034,1.3638,1.36395,4.00,1.00
2010.06.22 10:30:13.255,1.3638,1.36395,4.00,2.40
2010.06.22 10:30:15.727,1.3638,1.36395,1.60,2.40
2010.06.22 10:30:15.984,1.3638,1.36395,4.00,1.60
2010.06.22 10:30:16.707,1.3638,1.364,5.60,4.00
2010.06.22 10:30:17.059,1.3638,1.364,4.80,4.00
2010.06.22 10:30:18.482,1.3638,1.36395,4.80,1.00
2010.06.22 10:30:19.165,1.3638,1.36395,5.60,1.00
2010.06.22 10:30:19.315,1.3638,1.364,4.80,4.00
2010.06.22 10:30:19.465,1.3638,1.36395,4.80,1.00
2010.06.22 10:30:20.507,1.3638,1.3639,3.20,1.00
2010.06.22 10:30:20.755,1.3638,1.36395,1.60,2.40
2010.06.22 10:30:21.482,1.36385,1.36395,1.60,1.00
2010.06.22 10:30:21.829,1.3638,1.36395,3.60,1.00
2010.06.22 10:30:25.185,1.36385,1.364,1.20,2.40
2010.06.22 10:30:25.395,1.36385,1.364,1.00,2.40
2010.06.22 10:30:26.074,1.3638,1.36395,2.40,2.40
2010.06.22 10:30:34.237,1.3638,1.36395,4.40,1.00
2010.06.22 10:30:34.568,1.3638,1.364,5.20,4.00
2010.06.22 10:30:39.833,1.3639,1.36405,3.20,9.60
2010.06.22 10:30:39.979,1.36395,1.3641,1.00,8.80
2010.06.22 10:30:40.248,1.36395,1.3641,1.00,5.70
2010.06.22 10:30:40.930,1.36395,1.3641,1.00,2.40
2010.06.22 10:30:42.824,1.36395,1.3641,1.60,2.40
2010.06.22 10:30:43.556,1.36395,1.3641,1.00,2.40
2010.06.22 10:30:45.774,1.36395,1.36405,1.00,1.00
2010.06.22 10:30:45.954,1.3639,1.36405,1.60,3.20
2010.06.22 10:30:46.125,1.36385,1.364,5.80,1.00
2010.06.22 10:30:46.735,1.36385,1.36395,5.80,1.60
2010.06.22 10:30:46.905,1.36385,1.36395,5.20,2.40
2010.06.22 10:30:47.246,1.3638,1.3639,2.00,1.60
2010.06.22 10:30:47.910,1.3638,1.3639,1.60,1.60
2010.06.22 10:30:49.712,1.3638,1.3639,1.60,1.00
2010.06.22 10:30:51.368,1.3638,1.3639,1.60,1.60
2010.06.22 10:30:51.584,1.3638,1.3639,1.60,1.00
2010.06.22 10:30:53.665,1.3638,1.36395,1.60,2.40
2010.06.22 10:30:58.602,1.36375,1.3639,9.60,2.40
2010.06.22 10:30:59.418,1.3637,1.3638,1.00,1.00
2010.06.22 10:30:59.730,1.3636,1.36375,2.40,1.00
2010.06.22 10:31:00.418,1.3636,1.36375,1.60,1.00
2010.06.22 10:31:03.471,1.3636,1.3638,1.60,1.00
2010.06.22 10:31:03.558,1.36365,1.3638,1.60,1.00
2010.06.22 10:31:03.582,1.36365,1.3638,2.40,1.00
2010.06.22 10:31:03.687,1.36365,1.36385,2.40,11.20
2010.06.22 10:31:03.733,1.36365,1.36385,2.40,10.40
2010.06.22 10:31:04.207,1.36365,1.36385,2.40,9.60
2010.06.22 10:31:04.559,1.36365,1.36385,2.40,8.80
2010.06.22 10:31:04.910,1.3637,1.36385,1.00,5.60
2010.06.22 10:31:05.383,1.3637,1.36385,1.60,6.40
2010.06.22 10:31:05.689,1.36365,1.36385,4.00,7.20
2010.06.22 10:31:06.336,1.36365,1.36385,4.00,5.60
2010.06.22 10:31:07.294,1.3637,1.36385,1.00,4.00
2010.06.22 10:31:07.473,1.3637,1.36385,1.60,4.00
2010.06.22 10:31:08.092,1.3637,1.36385,1.60,4.80
2010.06.22 10:31:11.754,1.3637,1.36385,3.20,1.60
2010.06.22 10:31:11.873,1.36375,1.36385,1.00,1.60
2010.06.22 10:31:11.992,1.36375,1.3639,1.00,1.00
2010.06.22 10:31:12.113,1.36375,1.36395,1.60,7.20
2010.06.22 10:31:12.233,1.36375,1.36395,4.80,4.80
2010.06.22 10:31:12.355,1.36375,1.36395,3.20,4.00
2010.06.22 10:31:12.808,1.36375,1.36395,2.40,2.40
2010.06.22 10:31:13.159,1.3638,1.36395,1.60,1.60
2010.06.22 10:31:14.123,1.3638,1.36395,2.40,1.60
2010.06.22 10:31:15.453,1.3638,1.3639,2.40,1.60
2010.06.22 10:31:15.652,1.3638,1.3639,1.60,1.60
2010.06.22 10:31:15.860,1.3638,1.3639,1.60,1.00
2010.06.22 10:31:16.437,1.36375,1.3639,10.40,1.60
2010.06.22 10:31:16.773,1.36375,1.3639,7.60,1.70
2010.06.22 10:31:18.332,1.36375,1.3639,8.40,1.70
2010.06.22 10:31:18.603,1.36375,1.3639,8.40,1.60
2010.06.22 10:31:19.873,1.3638,1.36395,1.00,1.60
2010.06.22 10:31:23.554,1.3638,1.36395,2.00,1.60
2010.06.22 10:31:24.034,1.3638,1.364,3.20,6.40
2010.06.22 10:31:24.374,1.3638,1.364,4.00,6.40
2010.06.22 10:31:27.666,1.3638,1.364,3.60,6.40
2010.06.22 10:31:29.005,1.36385,1.364,1.00,4.00
2010.06.22 10:31:29.330,1.36395,1.36405,1.60,7.20
2010.06.22 10:31:30.089,1.36385,1.364,4.00,1.00
2010.06.22 10:31:32.116,1.36385,1.364,4.00,1.60
2010.06.22 10:31:32.465,1.36385,1.364,4.00,1.00
2010.06.22 10:31:32.827,1.3638,1.36395,7.20,1.00
2010.06.22 10:31:32.944,1.3638,1.36395,5.60,1.00
2010.06.22 10:31:33.444,1.3638,1.36395,3.20,1.00
2010.06.22 10:31:33.783,1.3638,1.36395,4.00,1.00
2010.06.22 10:31:35.405,1.3638,1.36395,3.20,5.60
2010.06.22 10:31:36.162,1.3638,1.36395,1.00,2.40
2010.06.22 10:31:36.305,1.3638,1.36395,1.00,1.00
2010.06.22 10:31:36.444,1.3638,1.36395,1.60,1.00
2010.06.22 10:31:36.583,1.3638,1.364,4.00,4.80
2010.06.22 10:31:36.722,1.3638,1.36395,4.40,1.00
2010.06.22 10:31:36.991,1.3638,1.36395,2.80,1.00
2010.06.22 10:31:40.507,1.3638,1.36395,2.40,4.80
2010.06.22 10:31:40.615,1.3638,1.36395,1.60,8.00
2010.06.22 10:31:41.151,1.3638,1.3639,1.60,3.20
2010.06.22 10:31:41.262,1.36375,1.3639,3.20,3.20
2010.06.22 10:31:41.703,1.36375,1.3639,3.20,1.00
2010.06.22 10:31:42.044,1.36375,1.3639,3.60,2.40
2010.06.22 10:31:42.386,1.3638,1.36395,1.00,1.00
2010.06.22 10:31:42.992,1.3638,1.364,1.00,5.60
2010.06.22 10:31:43.169,1.3638,1.36395,3.60,1.00
2010.06.22 10:31:44.901,1.36375,1.3639,6.00,1.00
2010.06.22 10:31:45.088,1.3638,1.3639,1.00,1.00
2010.06.22 10:31:46.963,1.3638,1.36395,1.00,7.20
2010.06.22 10:31:53.081,1.3638,1.36395,1.00,4.00
2010.06.22 10:31:53.283,1.3638,1.36395,1.00,1.60
2010.06.22 10:31:54.033,1.3638,1.36395,1.00,1.00
2010.06.22 10:31:54.279,1.36375,1.36395,4.00,1.00
2010.06.22 10:31:56.540,1.36375,1.36395,6.40,1.00
2010.06.22 10:31:58.642,1.36375,1.36395,5.60,1.00
2010.06.22 10:31:58.969,1.36375,1.36395,4.00,1.00
2010.06.22 10:32:01.212,1.36375,1.36395,1.60,1.00
2010.06.22 10:32:03.112,1.36375,1.36395,2.40,1.00
2010.06.22 10:32:03.376,1.36375,1.36395,3.20,1.00
2010.06.22 10:32:03.622,1.36375,1.36395,4.80,1.00
2010.06.22 10:32:04.106,1.36375,1.36395,6.40,1.00
2010.06.22 10:32:05.000,1.36375,1.36395,6.80,1.00
2010.06.22 10:32:06.764,1.36375,1.36395,6.00,1.00
2010.06.22 10:32:06.953,1.36375,1.36395,2.00,1.00
2010.06.22 10:32:10.022,1.36375,1.36395,1.00,2.40
2010.06.22 10:32:11.230,1.36375,1.36395,2.00,1.00
2010.06.22 10:32:11.757,1.36375,1.36395,4.80,1.00
2010.06.22 10:32:12.544,1.36375,1.36395,5.40,2.40
2010.06.22 10:32:12.884,1.36375,1.36395,7.00,1.00
2010.06.22 10:32:14.247,1.36375,1.36395,6.40,1.00
2010.06.22 10:32:16.001,1.3638,1.364,1.00,5.60
2010.06.22 10:32:16.167,1.3638,1.364,1.00,4.80
2010.06.22 10:32:18.462,1.3638,1.364,3.20,4.80
2010.06.22 10:32:18.964,1.3638,1.364,2.80,4.80
2010.06.22 10:32:19.534,1.3638,1.364,2.00,4.80
2010.06.22 10:32:19.876,1.3638,1.364,2.80,4.80
2010.06.22 10:32:24.843,1.36385,1.364,1.00,3.20
2010.06.22 10:32:25.364,1.36385,1.364,1.60,3.20
2010.06.22 10:32:25.513,1.3639,1.36405,1.60,6.40
2010.06.22 10:32:27.509,1.3639,1.36405,1.00,6.40
2010.06.22 10:32:28.105,1.3639,1.36405,1.00,7.30
2010.06.22 10:32:28.607,1.36385,1.36405,1.60,8.90
2010.06.22 10:32:28.918,1.36385,1.364,1.60,2.40
2010.06.22 10:32:31.873,1.36385,1.364,1.60,3.20
2010.06.22 10:32:34.164,1.36385,1.364,1.60,4.80
2010.06.22 10:32:35.198,1.36385,1.364,1.60,3.20
2010.06.22 10:32:35.501,1.36385,1.364,1.60,4.80
2010.06.22 10:32:36.126,1.36385,1.364,1.00,3.20
2010.06.22 10:32:36.616,1.3638,1.364,1.00,3.20
2010.06.22 10:32:36.955,1.36375,1.364,5.90,4.80
2010.06.22 10:32:40.152,1.3638,1.364,1.00,4.80
2010.06.22 10:32:40.345,1.36375,1.364,5.60,4.80
2010.06.22 10:32:40.980,1.36375,1.364,5.50,4.80
2010.06.22 10:32:47.162,1.36375,1.364,5.90,4.80
2010.06.22 10:32:47.352,1.36375,1.364,4.30,4.80
2010.06.22 10:32:47.541,1.36375,1.364,5.90,4.80
2010.06.22 10:32:50.792,1.36375,1.364,4.30,4.80
2010.06.22 10:32:51.350,1.36375,1.36395,3.90,1.00
2010.06.22 10:32:51.503,1.36375,1.36395,5.90,1.00
2010.06.22 10:32:52.362,1.36375,1.36395,5.50,1.00
2010.06.22 10:32:52.633,1.36375,1.36395,4.70,1.00
2010.06.22 10:32:52.904,1.3638,1.36395,1.60,1.00
2010.06.22 10:32:54.443,1.3638,1.36395,1.00,1.00
2010.06.22 10:32:54.602,1.36375,1.36395,3.90,1.00
2010.06.22 10:33:05.061,1.36375,1.36395,3.10,1.00
2010.06.22 10:33:06.137,1.36375,1.36395,3.90,1.00
2010.06.22 10:33:07.912,1.36375,1.36395,4.70,1.00
2010.06.22 10:33:08.109,1.3638,1.36395,1.60,1.00
2010.06.22 10:33:10.222,1.3638,1.364,1.60,3.20
2010.06.22 10:33:10.447,1.36385,1.364,1.00,3.20
2010.06.22 10:33:11.060,1.36385,1.364,1.00,1.00
2010.06.22 10:33:11.379,1.3638,1.36395,1.60,1.00
2010.06.22 10:33:12.765,1.3638,1.364,4.30,1.00
2010.06.22 10:33:13.443,1.3638,1.364,4.40,1.00
2010.06.22 10:33:13.763,1.3638,1.364,4.30,1.00
2010.06.22 10:33:14.528,1.3638,1.364,5.20,1.00
2010.06.22 10:33:17.632,1.3638,1.364,6.00,1.00
2010.06.22 10:33:18.526,1.3638,1.364,5.20,1.00
2010.06.22 10:33:18.753,1.3638,1.364,4.40,1.00
2010.06.22 10:33:18.982,1.3638,1.364,4.40,2.40
2010.06.22 10:33:19.215,1.3638,1.364,3.60,2.40
2010.06.22 10:33:20.079,1.3638,1.364,4.40,2.40
2010.06.22 10:33:23.311,1.3638,1.364,4.40,1.00
2010.06.22 10:33:23.456,1.3638,1.364,4.40,2.40
2010.06.22 10:33:25.797,1.3638,1.364,3.60,2.40
2010.06.22 10:33:26.472,1.3638,1.364,3.20,2.40
2010.06.22 10:33:27.837,1.3638,1.36395,1.90,2.40
2010.06.22 10:33:27.969,1.3638,1.36395,1.60,2.40
2010.06.22 10:33:33.182,1.3638,1.36395,2.00,2.40
2010.06.22 10:33:33.365,1.3638,1.36395,2.80,2.40
2010.06.22 10:33:33.983,1.3638,1.36395,1.60,2.40
2010.06.22 10:33:45.041,1.3638,1.36395,1.60,1.00
2010.06.22 10:33:45.216,1.3638,1.364,1.60,4.80
2010.06.22 10:33:45.386,1.3638,1.364,1.90,4.80
2010.06.22 10:33:45.556,1.3638,1.364,4.30,4.80
2010.06.22 10:33:51.053,1.3638,1.364,5.10,4.00
2010.06.22 10:33:51.570,1.36385,1.364,1.60,1.60
2010.06.22 10:33:51.710,1.3639,1.36405,1.60,4.80
2010.06.22 10:33:52.057,1.3639,1.36405,1.60,4.00
2010.06.22 10:33:55.713,1.3639,1.36405,1.60,4.80
2010.06.22 10:33:56.359,1.3639,1.364,1.60,1.60
2010.06.22 10:33:56.543,1.3639,1.36405,1.60,4.00
2010.06.22 10:34:00.132,1.3639,1.36405,1.60,4.80
2010.06.22 10:34:14.231,1.3639,1.364,1.60,1.60
2010.06.22 10:34:14.733,1.3639,1.36405,1.60,4.80
2010.06.22 10:34:51.532,1.3639,1.364,1.60,1.60
2010.06.22 10:34:52.432,1.3639,1.36405,1.60,4.80
2010.06.22 10:34:55.243,1.3639,1.36405,1.60,2.40
2010.06.22 10:34:55.373,1.3639,1.36405,1.60,4.80
2010.06.22 10:34:57.356,1.3639,1.36405,1.60,6.40
2010.06.22 10:34:57.639,1.3639,1.364,1.60,2.40
2010.06.22 10:34:58.140,1.36385,1.364,2.70,2.40
2010.06.22 10:34:58.336,1.3638,1.364,2.80,3.20
2010.06.22 10:34:58.522,1.3638,1.364,2.70,3.20
2010.06.22 10:35:02.152,1.3638,1.364,2.80,3.20
2010.06.22 10:35:02.642,1.3638,1.364,2.70,3.20
2010.06.22 10:35:02.841,1.3638,1.364,2.80,3.20
2010.06.22 10:35:04.891,1.3638,1.364,2.80,3.20
2010.06.22 10:35:04.981,1.3638,1.364,2.80,3.20
2010.06.22 10:35:05.911,1.3638,1.364,2.80,3.20
2010.06.22 10:35:06.132,1.3638,1.364,2.80,3.20
2010.06.22 10:35:07.253,1.3638,1.364,4.40,3.20
2010.06.22 10:35:07.413,1.36385,1.36405,1.90,7.20
2010.06.22 10:35:11.598,1.36385,1.364,1.00,2.40
2010.06.22 10:35:11.672,1.3638,1.364,5.10,2.40
2010.06.22 10:35:17.012,1.3638,1.364,4.00,4.00
2010.06.22 10:35:17.120,1.36375,1.36395,4.30,4.00
2010.06.22 10:35:17.219,1.36375,1.3639,2.70,3.20
2010.06.22 10:35:17.315,1.36375,1.3639,1.60,3.20
2010.06.22 10:35:17.863,1.36375,1.3639,1.00,4.00
2010.06.22 10:35:17.971,1.3637,1.3639,2.70,3.20
2010.06.22 10:35:19.534,1.36375,1.36395,1.60,6.40
2010.06.22 10:35:19.846,1.3638,1.364,1.60,8.80
2010.06.22 10:35:20.307,1.3638,1.364,1.90,7.20
2010.06.22 10:35:20.629,1.3638,1.364,1.90,4.80
2010.06.22 10:35:25.020,1.3638,1.364,2.70,3.20
2010.06.22 10:35:25.274,1.36385,1.36405,1.60,7.80
2010.06.22 10:35:31.911,1.36385,1.364,1.00,2.40
2010.06.22 10:35:32.062,1.3638,1.364,3.50,3.20
2010.06.22 10:35:35.895,1.3638,1.364,3.50,2.40
2010.06.22 10:35:41.091,1.3638,1.364,3.50,4.00
2010.06.22 10:35:41.191,1.3639,1.364,1.60,2.40
2010.06.22 10:35:42.915,1.36385,1.364,2.40,2.40
2010.06.22 10:35:43.063,1.36385,1.364,1.60,2.40
2010.06.22 10:35:46.274,1.36385,1.36405,1.90,8.40
2010.06.22 10:35:46.433,1.3639,1.36405,1.60,7.50
2010.06.22 10:35:46.594,1.3639,1.36405,1.60,5.60
2010.06.22 10:35:50.349,1.3639,1.364,1.60,2.40
2010.06.22 10:35:50.708,1.36375,1.364,5.90,4.00
2010.06.22 10:35:50.844,1.36375,1.364,5.90,4.80
2010.06.22 10:35:51.497,1.36385,1.364,1.00,4.80
2010.06.22 10:35:55.726,1.3639,1.36405,1.60,6.90
2010.06.22 10:35:55.863,1.36385,1.36405,2.40,5.90
2010.06.22 10:35:56.002,1.36385,1.36405,1.60,5.90
2010.06.22 10:35:59.196,1.3639,1.36405,1.60,4.00
2010.06.22 10:36:00.504,1.36395,1.36405,1.60,4.00
2010.06.22 10:36:04.093,1.3639,1.36405,2.40,4.00
2010.06.22 10:36:05.375,1.3639,1.36405,1.60,4.00
2010.06.22 10:36:06.089,1.36395,1.36405,1.00,4.00
2010.06.22 10:36:06.608,1.36395,1.36405,1.60,4.00
2010.06.22 10:36:06.884,1.36395,1.36405,1.60,2.40
2010.06.22 10:36:10.701,1.36395,1.3641,1.60,7.00
2010.06.22 10:36:10.904,1.36395,1.3641,4.80,4.80
2010.06.22 10:36:11.114,1.36395,1.3641,3.20,3.60
2010.06.22 10:36:11.662,1.36395,1.3641,3.20,2.80
2010.06.22 10:36:11.920,1.364,1.3641,1.00,2.40
2010.06.22 10:36:12.174,1.364,1.3641,1.00,4.00
2010.06.22 10:36:16.889,1.364,1.3641,1.00,4.80
2010.06.22 10:36:19.292,1.364,1.3641,1.00,3.20
2010.06.22 10:36:19.412,1.364,1.3641,2.40,2.40
2010.06.22 10:36:19.996,1.364,1.36415,3.20,5.60
2010.06.22 10:36:20.595,1.36405,1.36415,1.60,4.80
2010.06.22 10:36:21.003,1.364,1.3641,2.40,1.00
2010.06.22 10:36:21.697,1.364,1.36415,1.60,6.40
2010.06.22 10:36:22.393,1.364,1.36415,3.20,4.80
2010.06.22 10:36:22.735,1.364,1.36415,2.40,6.40
2010.06.22 10:36:26.772,1.364,1.36415,3.20,5.60
2010.06.22 10:36:26.974,1.36405,1.36415,1.00,4.80
2010.06.22 10:36:27.553,1.364,1.36415,3.20,5.60
2010.06.22 10:36:36.471,1.36405,1.36415,1.60,4.80
2010.06.22 10:36:36.670,1.36405,1.3642,3.20,5.60
2010.06.22 10:36:37.298,1.3641,1.3642,1.00,4.80
2010.06.22 10:36:38.880,1.3641,1.3642,1.00,3.20
2010.06.22 10:36:41.676,1.36405,1.36415,2.40,1.00
2010.06.22 10:36:41.887,1.36405,1.36415,1.60,1.00
2010.06.22 10:36:45.489,1.364,1.3641,3.20,1.00
2010.06.22 10:36:45.754,1.364,1.36415,2.40,6.40
2010.06.22 10:36:46.211,1.36405,1.36415,1.00,4.80
2010.06.22 10:36:46.807,1.36395,1.3641,4.80,1.00
2010.06.22 10:36:47.031,1.364,1.3641,1.00,2.40
2010.06.22 10:36:47.336,1.364,1.3641,1.00,3.20
2010.06.22 10:36:48.473,1.364,1.3641,1.00,2.40
2010.06.22 10:36:48.751,1.36395,1.3641,2.40,2.40
2010.06.22 10:36:49.032,1.364,1.36415,3.20,1.00
2010.06.22 10:36:49.488,1.364,1.36415,2.40,1.00
2010.06.22 10:36:49.805,1.364,1.36415,1.60,2.40
2010.06.22 10:36:50.115,1.364,1.3641,1.60,1.00
2010.06.22 10:36:52.434,1.364,1.36415,1.60,1.00
2010.06.22 10:36:54.145,1.364,1.3641,1.60,1.00
2010.06.22 10:36:59.282,1.364,1.36415,1.60,1.00
2010.06.22 10:37:00.377,1.364,1.3641,1.60,1.00
2010.06.22 10:37:05.291,1.36395,1.3641,2.40,1.00
2010.06.22 10:37:10.832,1.364,1.3641,1.60,1.00
2010.06.22 10:37:19.285,1.364,1.36415,1.60,1.00
2010.06.22 10:37:19.510,1.364,1.36415,2.40,1.00
2010.06.22 10:37:20.446,1.364,1.36415,1.60,1.00
2010.06.22 10:37:24.399,1.364,1.36415,1.60,2.40
2010.06.22 10:37:29.274,1.364,1.36415,1.60,3.20
2010.06.22 10:37:33.394,1.364,1.36415,1.60,1.60
2010.06.22 10:37:39.128,1.364,1.3642,1.60,4.80
2010.06.22 10:37:39.969,1.364,1.3642,2.40,4.80
2010.06.22 10:37:41.334,1.364,1.3642,3.20,4.80
