2010.12.21 19:00:00.346,1.25626,1.25653,1.88,1.50
2010.12.21 19:00:02.251,1.25625,1.25653,1.50,1.50
2010.12.21 19:00:02.480,1.25627,1.25655,1.50,1.50
2010.12.21 19:00:02.597,1.25627,1.25656,2.25,1.12
2010.12.21 19:00:03.788,1.25627,1.25657,3.38,1.12
2010.12.21 19:00:04.270,1.2563,1.25661,3.00,2.25
2010.12.21 19:00:04.829,1.25632,1.25661,3.00,2.25
2010.12.21 19:00:05.171,1.25635,1.25663,2.25,1.50
2010.12.21 19:00:05.291,1.25635,1.25665,2.25,1.50
2010.12.21 19:00:05.629,1.25637,1.25667,2.25,2.25
2010.12.21 19:00:06.450,1.25638,1.25668,1.50,1.50
2010.12.21 19:00:06.790,1.25637,1.25663,4.12,2.25
2010.12.21 19:00:06.911,1.25637,1.25664,2.25,2.25
2010.12.21 19:00:07.139,1.25637,1.25661,1.50,1.50
2010.12.21 19:00:07.481,1.25637,1.25661,2.25,1.50
2010.12.21 19:00:07.932,1.25637,1.25663,1.50,2.25
2010.12.21 19:00:08.051,1.25637,1.25661,1.50,1.50
2010.12.21 19:00:08.860,1.25635,1.25661,2.62,1.50
2010.12.21 19:00:09.089,1.25631,1.25661,2.62,1.50
2010.12.21 19:00:10.760,1.25633,1.25663,1.12,2.25
2010.12.21 19:00:10.879,1.25633,1.25663,1.12,2.25
2010.12.21 19:00:12.221,1.25636,1.25661,2.62,1.50
2010.12.21 19:00:14.459,1.2563,1.25661,2.62,6.00
2010.12.21 19:00:14.586,1.2563,1.25657,2.25,1.50
2010.12.21 19:00:14.818,1.25626,1.25655,4.88,1.50
2010.12.21 19:00:15.319,1.25626,1.25656,3.00,1.50
2010.12.21 19:00:15.662,1.25627,1.25658,1.50,2.14
2010.12.21 19:00:15.998,1.25626,1.25655,2.62,1.50
2010.12.21 19:00:16.711,1.25626,1.25656,2.62,1.88
2010.12.21 19:00:17.271,1.25626,1.25656,2.62,1.88
2010.12.21 19:00:17.721,1.25626,1.25655,2.62,1.88
2010.12.21 19:00:18.430,1.25626,1.25655,2.62,1.88
2010.12.21 19:00:18.772,1.25625,1.25655,4.50,1.88
2010.12.21 19:00:21.849,1.25626,1.25654,2.62,1.50
2010.12.21 19:00:22.565,1.25636,1.25654,1.88,1.50
2010.12.21 19:00:22.688,1.25636,1.25661,1.88,1.50
2010.12.21 19:00:23.372,1.25637,1.25661,1.88,1.50
2010.12.21 19:00:23.940,1.25637,1.25663,2.62,2.25
2010.12.21 19:00:24.440,1.2564,1.25666,2.62,1.88
2010.12.21 19:00:24.779,1.25641,1.25661,1.88,1.50
2010.12.21 19:00:25.317,1.25636,1.25661,2.62,1.50
2010.12.21 19:00:25.877,1.25636,1.25661,1.88,1.50
2010.12.21 19:00:30.112,1.25637,1.25665,3.00,2.25
2010.12.21 19:00:30.242,1.2564,1.25665,2.62,1.50
2010.12.21 19:00:30.700,1.25642,1.25668,3.38,1.50
2010.12.21 19:00:31.289,1.25641,1.25666,2.62,1.50
2010.12.21 19:00:34.131,1.25641,1.25663,2.62,1.50
2010.12.21 19:00:34.691,1.2564,1.25663,1.88,1.50
2010.12.21 19:00:35.029,1.2564,1.25663,2.62,1.50
2010.12.21 19:00:36.933,1.25645,1.25665,1.88,1.50
2010.12.21 19:00:37.359,1.25647,1.25672,2.62,1.50
2010.12.21 19:00:37.482,1.25649,1.25672,1.88,1.50
2010.12.21 19:00:38.429,1.25651,1.25672,1.88,1.50
2010.12.21 19:00:38.770,1.25651,1.25674,1.88,1.50
2010.12.21 19:00:41.799,1.25653,1.25674,1.88,1.50
2010.12.21 19:00:41.918,1.25653,1.25678,1.88,2.25
2010.12.21 19:00:42.257,1.25658,1.25678,1.50,1.50
2010.12.21 19:00:45.969,1.25657,1.2568,1.88,1.50
2010.12.21 19:00:46.094,1.25657,1.25677,2.25,1.50
2010.12.21 19:00:46.688,1.2566,1.25681,1.88,1.50
2010.12.21 19:00:47.259,1.25659,1.25681,1.88,1.50
2010.12.21 19:00:57.688,1.25655,1.25681,2.25,1.50
2010.12.21 19:01:00.428,1.25655,1.2568,2.25,1.50
2010.12.21 19:01:01.128,1.25655,1.2568,1.50,1.50
2010.12.21 19:01:06.131,1.25655,1.2568,1.88,1.50
2010.12.21 19:01:06.521,1.25667,1.25685,1.88,2.25
2010.12.21 19:01:06.649,1.25667,1.25687,1.88,2.25
2010.12.21 19:01:09.051,1.25667,1.25688,1.88,1.50
2010.12.21 19:01:09.608,1.25667,1.25692,1.88,1.50
2010.12.21 19:01:10.151,1.25668,1.25692,1.88,1.50
2010.12.21 19:01:12.648,1.25668,1.25689,1.88,1.50
2010.12.21 19:01:13.203,1.25667,1.25688,1.88,1.01
2010.12.21 19:01:13.324,1.2566,1.25683,1.88,1.50
2010.12.21 19:01:13.439,1.2566,1.25686,1.88,2.25
2010.12.21 19:01:14.038,1.2566,1.25686,1.88,2.25
2010.12.21 19:01:14.749,1.2566,1.25683,1.88,1.50
2010.12.21 19:01:19.115,1.2566,1.25682,1.88,1.12
2010.12.21 19:01:19.555,1.2566,1.25678,1.88,2.14
2010.12.21 19:01:19.680,1.25647,1.25671,1.88,1.50
2010.12.21 19:01:19.803,1.25647,1.25673,1.88,2.25
2010.12.21 19:01:20.329,1.25643,1.25671,2.62,1.50
2010.12.21 19:01:24.010,1.25645,1.25672,2.25,1.50
2010.12.21 19:01:24.982,1.25647,1.25672,1.88,1.50
2010.12.21 19:01:25.330,1.25647,1.25674,1.88,1.50
2010.12.21 19:01:33.190,1.25647,1.25674,1.88,2.25
2010.12.21 19:01:33.317,1.25645,1.25671,2.25,1.50
2010.12.21 19:01:33.556,1.25641,1.25667,2.25,1.50
2010.12.21 19:01:34.048,1.2564,1.25665,2.62,1.50
2010.12.21 19:01:35.668,1.25642,1.25672,1.88,1.12
2010.12.21 19:01:36.362,1.25642,1.25673,1.88,3.38
2010.12.21 19:01:37.191,1.25643,1.25674,1.88,1.50
2010.12.21 19:01:37.311,1.25645,1.25674,1.88,1.50
2010.12.21 19:01:37.429,1.25645,1.25675,2.62,2.62
2010.12.21 19:01:38.115,1.25645,1.25672,2.62,2.25
2010.12.21 19:01:39.382,1.25643,1.25672,2.62,2.25
2010.12.21 19:01:43.853,1.25648,1.25672,2.62,1.50
2010.12.21 19:01:44.292,1.25653,1.25674,1.88,1.50
2010.12.21 19:01:44.425,1.25658,1.25682,1.88,1.12
2010.12.21 19:01:44.541,1.25658,1.2568,1.88,1.50
2010.12.21 19:01:45.115,1.25653,1.2568,2.62,1.50
2010.12.21 19:01:47.499,1.25653,1.2568,2.62,1.50
2010.12.21 19:01:48.412,1.25651,1.25676,2.62,1.50
2010.12.21 19:01:48.530,1.2565,1.25676,2.25,1.50
2010.12.21 19:01:48.882,1.25653,1.25676,1.88,1.50
2010.12.21 19:01:49.012,1.25653,1.25678,1.88,1.50
2010.12.21 19:01:49.133,1.2565,1.25678,2.25,1.50
2010.12.21 19:01:49.737,1.25653,1.2568,1.88,2.25
2010.12.21 19:01:50.289,1.25653,1.2568,1.88,2.62
2010.12.21 19:01:50.819,1.25652,1.25677,1.88,1.50
2010.12.21 19:01:50.938,1.25652,1.2568,1.88,2.25
2010.12.21 19:01:53.728,1.2565,1.2568,2.25,2.62
2010.12.21 19:01:54.327,1.2565,1.2568,2.25,2.62
2010.12.21 19:01:55.008,1.2565,1.25675,2.25,1.50
2010.12.21 19:01:57.976,1.25646,1.25677,1.50,2.25
2010.12.21 19:01:58.643,1.25649,1.2568,2.25,1.12
2010.12.21 19:01:58.761,1.25652,1.25681,1.88,1.12
2010.12.21 19:02:00.218,1.25656,1.25682,1.88,3.00
2010.12.21 19:02:00.561,1.25655,1.25675,1.88,1.50
2010.12.21 19:02:00.678,1.25653,1.25675,1.88,1.50
2010.12.21 19:02:01.594,1.25658,1.25678,2.62,1.50
2010.12.21 19:02:01.941,1.25658,1.25684,3.38,1.50
2010.12.21 19:02:02.288,1.2566,1.25684,1.50,1.50
2010.12.21 19:02:03.202,1.25658,1.25684,2.62,3.00
2010.12.21 19:02:03.320,1.25658,1.25678,2.62,1.50
2010.12.21 19:02:07.109,1.25662,1.25678,1.88,1.50
2010.12.21 19:02:10.231,1.25658,1.25678,2.62,1.50
2010.12.21 19:02:17.648,1.25658,1.25684,3.38,1.50
2010.12.21 19:02:17.990,1.25661,1.25684,1.88,1.50
2010.12.21 19:02:18.562,1.25661,1.25684,2.62,1.50
2010.12.21 19:02:20.669,1.25661,1.25677,2.62,1.50
2010.12.21 19:02:22.068,1.25661,1.25677,1.88,1.50
2010.12.21 19:02:22.188,1.25661,1.25684,1.88,1.50
2010.12.21 19:02:23.250,1.25655,1.25678,3.38,1.50
2010.12.21 19:02:23.870,1.25654,1.25678,1.50,1.50
2010.12.21 19:02:25.690,1.25654,1.25676,1.50,1.50
2010.12.21 19:02:34.747,1.25649,1.25676,4.39,1.50
2010.12.21 19:02:35.088,1.2565,1.25675,1.50,1.88
2010.12.21 19:02:35.669,1.2565,1.25672,1.50,1.50
2010.12.21 19:02:37.217,1.25644,1.25672,2.51,1.50
2010.12.21 19:02:37.344,1.25644,1.25668,2.25,1.50
2010.12.21 19:02:44.740,1.25647,1.25674,1.88,1.12
2010.12.21 19:02:45.949,1.25647,1.25676,2.62,3.38
2010.12.21 19:02:46.071,1.25649,1.25676,1.88,2.25
2010.12.21 19:02:46.673,1.25649,1.2568,4.12,1.88
2010.12.21 19:02:46.794,1.25651,1.2568,1.88,1.88
2010.12.21 19:02:49.022,1.25651,1.25672,1.88,1.50
2010.12.21 19:02:49.413,1.25649,1.25677,2.25,4.12
2010.12.21 19:02:51.688,1.25643,1.2567,2.62,1.88
2010.12.21 19:02:52.029,1.25639,1.25668,2.25,1.12
2010.12.21 19:02:52.261,1.25635,1.25666,2.62,1.88
2010.12.21 19:02:52.487,1.25635,1.25666,2.62,1.88
2010.12.21 19:02:53.230,1.25635,1.25666,2.62,1.88
2010.12.21 19:02:55.237,1.25635,1.25666,2.62,1.88
2010.12.21 19:02:55.877,1.25635,1.25666,2.62,1.88
2010.12.21 19:03:05.113,1.25635,1.25662,2.25,2.25
2010.12.21 19:03:05.231,1.25635,1.2566,2.25,4.88
2010.12.21 19:03:05.741,1.2563,1.2566,2.25,1.50
2010.12.21 19:03:06.589,1.25632,1.25661,2.25,3.75
2010.12.21 19:03:19.269,1.25635,1.25661,1.01,1.50
2010.12.21 19:03:19.397,1.25635,1.25665,1.39,3.64
2010.12.21 19:03:22.143,1.25635,1.25662,4.12,1.50
2010.12.21 19:03:22.261,1.25635,1.25662,4.12,1.50
2010.12.21 19:03:23.608,1.25641,1.25668,2.62,1.50
2010.12.21 19:03:27.759,1.25641,1.25668,2.62,1.50
2010.12.21 19:03:28.100,1.25639,1.25666,2.62,1.50
2010.12.21 19:03:28.660,1.25636,1.25658,2.62,1.50
2010.12.21 19:03:28.778,1.25636,1.25658,2.62,1.50
2010.12.21 19:03:30.207,1.25642,1.25658,1.88,1.50
2010.12.21 19:03:30.443,1.25645,1.25665,1.88,1.50
2010.12.21 19:03:34.016,1.2564,1.25664,1.50,3.00
2010.12.21 19:03:34.240,1.25638,1.25664,1.50,3.00
2010.12.21 19:03:36.360,1.25638,1.25655,1.50,1.50
2010.12.21 19:03:36.598,1.25633,1.25655,1.50,1.50
2010.12.21 19:03:36.939,1.25631,1.25655,1.50,1.50
2010.12.21 19:03:39.119,1.25629,1.25655,4.12,1.50
2010.12.21 19:03:49.108,1.25627,1.25655,2.62,2.25
2010.12.21 19:03:51.946,1.25627,1.25653,1.50,2.62
2010.12.21 19:03:52.339,1.25624,1.25645,1.50,1.50
2010.12.21 19:03:52.963,1.25623,1.25645,1.50,1.50
2010.12.21 19:03:53.082,1.25621,1.2565,2.25,2.62
2010.12.21 19:03:57.228,1.25621,1.2565,2.25,2.62
2010.12.21 19:03:59.421,1.25621,1.25648,1.50,1.12
2010.12.21 19:04:00.238,1.25622,1.25648,1.50,1.12
2010.12.21 19:04:03.103,1.25622,1.25648,1.50,1.88
2010.12.21 19:04:06.982,1.25618,1.25648,1.50,3.75
2010.12.21 19:04:07.558,1.25618,1.25647,1.50,1.50
2010.12.21 19:04:08.149,1.25619,1.25645,1.50,1.50
2010.12.21 19:04:09.809,1.25616,1.25644,1.88,2.25
2010.12.21 19:04:10.161,1.25607,1.25634,1.88,1.50
2010.12.21 19:04:10.543,1.25606,1.2563,1.50,1.50
2010.12.21 19:04:19.609,1.25607,1.25631,1.50,1.50
2010.12.21 19:04:21.654,1.25604,1.25631,3.00,1.50
2010.12.21 19:04:21.771,1.25606,1.25631,1.50,1.50
2010.12.21 19:04:22.177,1.25608,1.25633,1.50,1.50
2010.12.21 19:04:22.739,1.25607,1.25632,1.50,3.75
2010.12.21 19:04:25.192,1.25609,1.2563,1.50,1.50
2010.12.21 19:04:25.311,1.25609,1.25633,1.50,1.50
2010.12.21 19:04:25.648,1.25609,1.25635,1.50,1.50
2010.12.21 19:04:28.368,1.25611,1.25636,1.50,1.50
2010.12.21 19:04:28.910,1.25611,1.25638,1.50,2.25
2010.12.21 19:04:37.189,1.25612,1.25638,1.50,2.25
2010.12.21 19:04:37.531,1.25613,1.25642,2.25,1.50
2010.12.21 19:04:38.117,1.25613,1.25643,2.25,2.51
2010.12.21 19:04:42.984,1.25613,1.25643,1.88,1.50
2010.12.21 19:04:43.701,1.25612,1.25643,4.12,1.50
2010.12.21 19:04:44.080,1.25612,1.25643,4.12,1.50
2010.12.21 19:04:44.753,1.25613,1.25643,1.12,1.50
2010.12.21 19:04:45.156,1.25616,1.25643,3.38,1.50
2010.12.21 19:04:45.826,1.25611,1.25641,1.50,4.88
2010.12.21 19:04:46.561,1.25608,1.25638,2.25,1.50
2010.12.21 19:04:47.222,1.25608,1.25638,2.25,1.76
2010.12.21 19:04:48.647,1.25608,1.25638,2.25,1.76
2010.12.21 19:04:55.621,1.25605,1.25637,2.25,3.00
2010.12.21 19:04:55.980,1.25609,1.25637,1.50,1.50
2010.12.21 19:04:56.100,1.25609,1.25639,2.62,3.00
2010.12.21 19:04:56.793,1.25611,1.25642,2.25,1.12
2010.12.21 19:05:02.030,1.25611,1.25639,1.50,1.88
2010.12.21 19:05:21.467,1.25608,1.25639,2.25,2.62
2010.12.21 19:05:21.819,1.25606,1.25634,1.50,3.38
2010.12.21 19:05:22.607,1.25604,1.25629,3.00,1.88
2010.12.21 19:05:22.830,1.25607,1.25635,1.50,1.88
2010.12.21 19:05:25.704,1.25606,1.25635,1.50,1.88
2010.12.21 19:05:26.261,1.25606,1.25632,1.50,2.62
2010.12.21 19:05:27.366,1.25606,1.25631,1.50,2.25
2010.12.21 19:05:30.050,1.25606,1.25631,1.50,3.00
2010.12.21 19:05:30.445,1.25609,1.25634,1.50,1.50
2010.12.21 19:05:30.568,1.25609,1.25638,2.25,4.12
2010.12.21 19:05:31.315,1.25609,1.2563,2.25,1.01
2010.12.21 19:05:31.543,1.25604,1.25626,3.38,3.00
2010.12.21 19:05:32.141,1.25605,1.25625,1.50,1.01
2010.12.21 19:05:33.376,1.25605,1.25626,1.50,1.01
2010.12.21 19:05:37.116,1.25603,1.25626,1.50,1.01
2010.12.21 19:05:38.268,1.25603,1.25626,2.25,1.01
2010.12.21 19:05:38.797,1.25606,1.25626,1.50,1.01
2010.12.21 19:05:40.706,1.25603,1.25626,1.50,2.51
2010.12.21 19:05:44.850,1.25605,1.25626,2.25,1.01
2010.12.21 19:05:45.343,1.25607,1.25626,1.50,1.01
2010.12.21 19:05:45.682,1.25611,1.25628,1.50,3.75
2010.12.21 19:05:46.023,1.25616,1.25627,2.62,1.88
2010.12.21 19:05:46.504,1.25618,1.25648,1.50,2.62
2010.12.21 19:05:52.003,1.25617,1.25644,3.75,1.12
2010.12.21 19:05:52.528,1.25614,1.25643,2.25,1.12
2010.12.21 19:05:53.078,1.25614,1.25643,2.25,1.12
2010.12.21 19:05:57.116,1.25614,1.25644,2.25,1.12
2010.12.21 19:06:18.088,1.25617,1.25644,1.50,1.12
2010.12.21 19:06:18.647,1.25617,1.25646,1.50,1.12
2010.12.21 19:06:18.967,1.25617,1.25646,1.50,1.39
2010.12.21 19:06:19.359,1.2561,1.2563,2.62,3.26
2010.12.21 19:06:19.481,1.25607,1.25628,1.88,1.76
2010.12.21 19:06:19.600,1.25614,1.25628,1.01,1.50
2010.12.21 19:06:19.831,1.25614,1.25631,1.01,6.00
2010.12.21 19:06:19.951,1.2561,1.25627,3.26,1.88
2010.12.21 19:06:20.318,1.2561,1.25635,2.25,1.12
2010.12.21 19:06:24.337,1.2561,1.25634,1.50,1.12
2010.12.21 19:06:24.448,1.2561,1.2563,1.50,2.25
2010.12.21 19:06:24.568,1.25607,1.2563,1.76,2.25
2010.12.21 19:06:24.692,1.25609,1.25635,1.76,1.88
2010.12.21 19:06:25.279,1.25609,1.25636,1.76,1.12
2010.12.21 19:06:25.792,1.25609,1.25637,1.76,1.12
2010.12.21 19:06:30.361,1.25607,1.25637,5.62,1.12
2010.12.21 19:06:30.482,1.25609,1.25637,1.50,1.12
2010.12.21 19:06:30.986,1.2561,1.25637,1.50,1.12
2010.12.21 19:06:31.319,1.25608,1.25637,1.76,1.12
2010.12.21 19:06:32.832,1.2561,1.25638,1.50,2.25
2010.12.21 19:06:34.582,1.2561,1.25639,2.25,1.12
2010.12.21 19:06:41.432,1.25611,1.25641,1.50,2.25
2010.12.21 19:06:41.553,1.25611,1.25638,3.00,1.50
2010.12.21 19:06:42.453,1.25611,1.25636,1.50,1.50
2010.12.21 19:07:11.589,1.2561,1.25636,1.50,1.50
2010.12.21 19:07:37.458,1.2561,1.25636,1.50,1.50
2010.12.21 19:07:42.689,1.2561,1.25629,1.50,1.88
2010.12.21 19:07:42.809,1.25607,1.25629,1.50,1.88
2010.12.21 19:07:43.189,1.25609,1.25629,1.50,1.88
2010.12.21 19:07:52.259,1.25608,1.25629,1.50,1.88
2010.12.21 19:07:52.491,1.25608,1.25633,1.50,1.50
2010.12.21 19:07:52.727,1.25608,1.25636,1.50,2.62
2010.12.21 19:07:56.722,1.25611,1.25639,2.25,3.00
2010.12.21 19:07:57.270,1.25612,1.25639,1.50,3.00
2010.12.21 19:07:57.680,1.25613,1.2564,1.50,1.88
2010.12.21 19:07:57.800,1.25613,1.25642,1.50,1.50
2010.12.21 19:08:01.151,1.25618,1.25646,1.88,1.50
2010.12.21 19:08:01.381,1.25618,1.25647,1.88,1.50
2010.12.21 19:08:01.719,1.25618,1.25648,2.62,1.88
2010.12.21 19:08:11.389,1.25618,1.25647,1.88,1.50
2010.12.21 19:08:29.042,1.25618,1.25645,1.50,4.50
2010.12.21 19:08:29.383,1.25613,1.25642,2.62,2.25
2010.12.21 19:08:35.249,1.25614,1.25642,5.62,1.50
2010.12.21 19:08:35.372,1.25618,1.25646,3.00,2.25
2010.12.21 19:08:35.610,1.25617,1.25648,2.62,3.00
2010.12.21 19:08:36.004,1.25617,1.25646,2.62,1.88
2010.12.21 19:08:36.131,1.25609,1.25631,1.88,5.51
2010.12.21 19:08:36.374,1.25607,1.25622,3.38,1.50
2010.12.21 19:08:36.839,1.25598,1.25625,1.12,1.50
2010.12.21 19:08:37.205,1.25604,1.25625,1.88,1.50
2010.12.21 19:08:37.323,1.25604,1.25628,1.88,3.38
2010.12.21 19:08:37.714,1.25602,1.25628,3.38,1.50
2010.12.21 19:08:38.049,1.25598,1.25628,4.12,3.00
2010.12.21 19:08:38.709,1.25598,1.25626,1.50,1.50
2010.12.21 19:08:39.737,1.25601,1.25626,1.88,1.50
2010.12.21 19:08:40.708,1.25601,1.25629,1.88,1.50
2010.12.21 19:08:40.938,1.25599,1.25629,1.88,1.50
2010.12.21 19:08:43.051,1.25599,1.2563,3.00,1.50
2010.12.21 19:08:43.291,1.25604,1.2563,1.88,1.50
2010.12.21 19:08:43.920,1.25604,1.25632,1.88,1.88
2010.12.21 19:08:44.729,1.25599,1.25623,1.12,1.50
2010.12.21 19:08:44.961,1.25596,1.25623,2.62,1.50
2010.12.21 19:08:45.530,1.25597,1.25624,1.12,3.00
2010.12.21 19:08:45.932,1.25601,1.25624,1.50,2.25
2010.12.21 19:08:46.280,1.25601,1.25624,1.50,2.25
2010.12.21 19:08:49.221,1.25601,1.25623,1.76,1.76
2010.12.21 19:09:03.683,1.25599,1.25621,1.01,1.50
2010.12.21 19:09:05.362,1.25599,1.25617,1.01,1.50
2010.12.21 19:09:13.850,1.25603,1.25627,1.01,2.14
2010.12.21 19:09:14.407,1.25603,1.25623,1.01,1.50
2010.12.21 19:09:15.582,1.256,1.25625,1.76,2.25
2010.12.21 19:09:16.199,1.256,1.25624,1.76,1.50
2010.12.21 19:09:18.071,1.256,1.25623,1.76,2.25
2010.12.21 19:09:18.579,1.256,1.25623,1.76,2.25
2010.12.21 19:09:20.117,1.256,1.25622,1.76,1.50
2010.12.21 19:09:23.282,1.256,1.25622,1.76,2.25
2010.12.21 19:09:23.947,1.256,1.25622,1.76,3.00
2010.12.21 19:09:24.577,1.256,1.25622,1.76,2.25
2010.12.21 19:09:35.574,1.256,1.25618,1.50,1.50
2010.12.21 19:09:36.008,1.25596,1.25618,1.76,3.00
2010.12.21 19:09:36.241,1.25596,1.25618,1.76,3.75
2010.12.21 19:09:37.030,1.25597,1.25618,1.01,3.75
2010.12.21 19:09:42.824,1.25604,1.25618,1.01,3.00
2010.12.21 19:09:42.942,1.25604,1.25622,1.01,2.25
2010.12.21 19:09:43.534,1.25604,1.25622,1.01,2.25
2010.12.21 19:09:43.654,1.25602,1.25622,1.76,2.25
2010.12.21 19:09:47.314,1.25604,1.25627,1.01,2.25
2010.12.21 19:09:47.665,1.25605,1.25627,1.50,1.50
2010.12.21 19:09:52.386,1.25605,1.25624,1.50,2.25
2010.12.21 19:09:52.932,1.25607,1.25627,2.51,3.00
2010.12.21 19:10:02.327,1.25609,1.25625,1.01,1.50
2010.12.21 19:10:06.469,1.25609,1.25626,1.01,2.25
2010.12.21 19:10:20.479,1.25609,1.25627,1.01,3.75
2010.12.21 19:10:22.153,1.25609,1.25627,1.01,2.25
2010.12.21 19:10:38.088,1.25609,1.25627,1.01,2.25
2010.12.21 19:10:54.048,1.25608,1.25627,1.50,2.25
2010.12.21 19:11:00.957,1.25609,1.25627,1.50,2.25
2010.12.21 19:11:01.761,1.25613,1.25629,1.01,1.50
2010.12.21 19:11:01.883,1.25613,1.25631,1.01,1.50
2010.12.21 19:11:01.998,1.25613,1.25632,1.01,3.00
2010.12.21 19:11:03.117,1.25613,1.25632,1.50,3.00
2010.12.21 19:11:17.089,1.25617,1.25632,1.88,3.00
2010.12.21 19:11:17.323,1.25614,1.25639,1.01,1.88
2010.12.21 19:11:17.908,1.25618,1.25639,1.50,1.50
2010.12.21 19:11:20.392,1.25618,1.25635,1.50,1.50
2010.12.21 19:11:20.963,1.25614,1.25631,1.50,1.50
2010.12.21 19:11:28.256,1.25615,1.25631,1.50,1.50
2010.12.21 19:11:33.766,1.25609,1.2563,1.50,1.50
2010.12.21 19:11:34.255,1.2561,1.25628,1.76,1.50
2010.12.21 19:11:34.372,1.2561,1.25633,1.76,2.25
2010.12.21 19:11:34.489,1.25615,1.25633,1.50,2.25
2010.12.21 19:11:39.446,1.25615,1.25638,1.76,1.50
2010.12.21 19:11:41.312,1.25616,1.25642,2.14,2.25
2010.12.21 19:11:41.791,1.25619,1.25642,1.50,2.25
2010.12.21 19:11:42.579,1.25617,1.25642,1.50,2.25
2010.12.21 19:11:42.808,1.25617,1.25641,1.50,1.50
2010.12.21 19:11:44.272,1.25617,1.25642,3.38,2.25
2010.12.21 19:11:52.249,1.25619,1.25644,1.50,1.50
2010.12.21 19:11:53.049,1.25618,1.25642,1.50,2.25
2010.12.21 19:11:55.637,1.25622,1.25644,1.50,1.50
2010.12.21 19:11:55.754,1.25622,1.25648,1.50,3.38
2010.12.21 19:11:58.309,1.25623,1.25648,1.50,1.50
2010.12.21 19:11:59.460,1.25624,1.25648,1.50,1.50
2010.12.21 19:12:00.058,1.2562,1.25645,3.00,2.62
2010.12.21 19:12:00.618,1.25621,1.25646,1.50,1.88
2010.12.21 19:12:05.352,1.25625,1.25646,1.50,1.50
2010.12.21 19:12:05.580,1.25627,1.25651,1.50,1.50
2010.12.21 19:12:06.138,1.25628,1.25652,1.50,1.50
2010.12.21 19:12:24.917,1.25628,1.25652,1.50,1.50
2010.12.21 19:12:36.867,1.25628,1.25656,1.88,4.12
2010.12.21 19:12:36.992,1.2563,1.25656,2.25,2.25
2010.12.21 19:12:37.590,1.25633,1.25657,1.50,2.25
2010.12.21 19:12:38.983,1.25631,1.25657,1.88,2.25
2010.12.21 19:12:39.753,1.25628,1.2565,1.50,1.50
2010.12.21 19:12:39.885,1.25624,1.25646,1.50,2.62
2010.12.21 19:12:40.002,1.25622,1.25635,1.50,1.88
2010.12.21 19:12:40.357,1.25618,1.25633,1.88,1.88
2010.12.21 19:12:40.484,1.25612,1.25637,3.38,1.50
2010.12.21 19:12:41.081,1.25613,1.25637,1.50,1.50
2010.12.21 19:12:46.152,1.25617,1.25639,1.50,3.00
2010.12.21 19:12:46.863,1.25622,1.25642,1.50,2.62
2010.12.21 19:12:46.995,1.25622,1.25647,1.50,2.25
2010.12.21 19:12:50.938,1.25622,1.25651,1.50,3.00
2010.12.21 19:12:51.724,1.25626,1.25651,1.50,1.50
2010.12.21 19:12:54.610,1.25626,1.25648,1.50,1.50
2010.12.21 19:12:54.839,1.25624,1.25648,1.50,1.50
2010.12.21 19:12:55.179,1.25622,1.25648,3.00,1.50
2010.12.21 19:12:58.870,1.25628,1.25648,1.88,1.50
2010.12.21 19:12:59.219,1.25628,1.25653,3.38,3.00
2010.12.21 19:13:00.100,1.25628,1.25652,1.50,1.50
2010.12.21 19:13:00.607,1.25628,1.25652,1.50,1.88
2010.12.21 19:13:06.038,1.25628,1.25651,1.50,1.50
2010.12.21 19:13:06.148,1.25626,1.25651,3.00,1.50
2010.12.21 19:13:18.717,1.25626,1.25652,3.00,2.62
2010.12.21 19:13:19.712,1.25626,1.25652,3.00,2.62
2010.12.21 19:13:21.881,1.25626,1.25647,1.50,1.88
2010.12.21 19:13:22.303,1.25619,1.25638,1.50,1.12
2010.12.21 19:13:23.132,1.2562,1.2564,1.50,1.50
2010.12.21 19:13:31.142,1.25623,1.2564,1.50,1.50
2010.12.21 19:13:31.533,1.25624,1.25646,1.50,1.50
2010.12.21 19:13:31.661,1.25622,1.25648,1.50,1.50
2010.12.21 19:13:31.780,1.25622,1.25646,1.50,1.50
2010.12.21 19:13:33.249,1.25626,1.25646,1.50,1.50
2010.12.21 19:13:33.381,1.25626,1.25649,1.50,1.88
2010.12.21 19:13:33.767,1.25622,1.25646,1.50,1.12
2010.12.21 19:13:34.188,1.25622,1.25644,1.50,1.50
2010.12.21 19:13:34.756,1.25624,1.25647,1.50,1.88
2010.12.21 19:13:34.884,1.25627,1.25648,1.50,1.12
2010.12.21 19:13:35.122,1.25623,1.25648,1.50,1.88
2010.12.21 19:13:35.520,1.25622,1.25647,1.50,2.62
2010.12.21 19:13:36.346,1.25623,1.25646,1.50,1.12
2010.12.21 19:13:36.688,1.25626,1.25647,1.50,2.62
2010.12.21 19:13:36.811,1.25623,1.25647,1.50,1.88
2010.12.21 19:13:37.478,1.25623,1.25645,1.50,1.12
2010.12.21 19:13:38.083,1.25623,1.25645,1.50,1.12
2010.12.21 19:13:39.959,1.25623,1.25645,1.76,1.12
2010.12.21 19:13:40.298,1.25629,1.2565,1.50,1.88
2010.12.21 19:13:41.253,1.25627,1.25646,2.51,1.50
2010.12.21 19:13:41.885,1.25622,1.25639,1.88,2.51
2010.12.21 19:13:42.012,1.25621,1.25642,3.38,2.25
2010.12.21 19:13:42.135,1.25621,1.25644,3.38,1.88
2010.12.21 19:13:42.626,1.25621,1.25647,1.50,1.50
2010.12.21 19:13:42.751,1.25621,1.25649,3.38,1.12
2010.12.21 19:13:42.870,1.25621,1.25648,3.38,1.50
2010.12.21 19:13:46.200,1.25621,1.25646,1.50,1.12
2010.12.21 19:13:46.325,1.25619,1.25646,1.50,1.12
2010.12.21 19:13:46.914,1.2562,1.25648,1.50,1.12
2010.12.21 19:13:51.497,1.2562,1.25643,1.50,1.50
2010.12.21 19:13:52.030,1.25609,1.25633,1.50,1.12
2010.12.21 19:13:54.299,1.25607,1.25627,1.50,1.12
2010.12.21 19:13:54.906,1.25605,1.25626,1.50,1.88
2010.12.21 19:13:56.306,1.25605,1.25628,1.50,2.62
2010.12.21 19:13:56.649,1.25605,1.25628,1.50,3.75
2010.12.21 19:13:58.393,1.25607,1.25628,1.76,1.50
2010.12.21 19:13:58.949,1.25607,1.25628,1.50,1.50
2010.12.21 19:13:59.529,1.25603,1.25626,1.50,1.12
2010.12.21 19:13:59.661,1.25602,1.25624,1.76,1.50
2010.12.21 19:14:00.131,1.25602,1.25622,3.26,1.50
2010.12.21 19:14:00.559,1.25602,1.25625,3.26,1.50
2010.12.21 19:14:04.074,1.25605,1.25622,1.50,1.50
2010.12.21 19:14:04.300,1.25609,1.25626,1.50,1.50
2010.12.21 19:14:04.883,1.25603,1.25625,1.76,1.50
2010.12.21 19:14:05.452,1.25603,1.25625,3.26,2.25
2010.12.21 19:14:05.816,1.25603,1.25621,3.26,1.50
2010.12.21 19:14:20.842,1.25604,1.25624,1.50,1.50
2010.12.21 19:14:21.181,1.25604,1.25626,1.50,1.50
2010.12.21 19:14:22.563,1.25607,1.25627,1.50,3.00
2010.12.21 19:14:22.915,1.25604,1.25624,1.50,1.88
2010.12.21 19:14:23.029,1.25602,1.25624,3.00,1.88
2010.12.21 19:14:23.469,1.25602,1.25624,3.00,1.88
2010.12.21 19:14:24.145,1.25602,1.2562,1.76,1.50
2010.12.21 19:14:24.677,1.25603,1.25619,1.76,1.50
2010.12.21 19:14:27.839,1.25603,1.25622,1.76,1.50
2010.12.21 19:14:27.959,1.25603,1.25625,1.76,1.50
2010.12.21 19:14:28.808,1.25606,1.25631,1.76,1.27
2010.12.21 19:14:28.936,1.25611,1.25633,1.50,3.00
2010.12.21 19:14:29.540,1.25611,1.25633,1.50,1.50
2010.12.21 19:14:29.880,1.25611,1.2563,1.50,1.50
2010.12.21 19:14:33.284,1.25613,1.25637,3.38,3.00
2010.12.21 19:14:34.023,1.25608,1.25632,3.00,1.50
2010.12.21 19:14:34.368,1.25608,1.25629,1.50,1.50
2010.12.21 19:14:37.962,1.25608,1.25629,1.50,1.50
2010.12.21 19:14:41.042,1.25609,1.25629,1.50,1.50
2010.12.21 19:14:41.943,1.25604,1.25629,3.00,1.88
2010.12.21 19:14:42.061,1.25604,1.25624,1.50,1.50
2010.12.21 19:14:42.653,1.25603,1.25624,1.50,1.50
2010.12.21 19:14:43.432,1.25603,1.25624,1.50,1.50
2010.12.21 19:14:44.270,1.25603,1.25625,1.50,1.50
2010.12.21 19:14:47.445,1.25603,1.25625,1.50,1.50
2010.12.21 19:14:48.030,1.25603,1.25625,1.50,1.50
2010.12.21 19:14:49.603,1.25603,1.25622,1.50,1.50
2010.12.21 19:14:49.840,1.25598,1.2562,1.50,1.50
2010.12.21 19:14:50.432,1.25599,1.2562,1.50,1.50
2010.12.21 19:14:51.018,1.25599,1.25619,1.76,1.50
2010.12.21 19:14:52.059,1.25599,1.2562,1.76,1.50
2010.12.21 19:15:03.442,1.256,1.2562,1.76,1.50
2010.12.21 19:15:04.508,1.25601,1.25622,1.50,1.50
2010.12.21 19:15:08.189,1.25601,1.25622,1.50,1.12
2010.12.21 19:15:13.896,1.25602,1.25623,1.50,3.64
2010.12.21 19:15:16.828,1.25602,1.25623,1.50,2.51
2010.12.21 19:15:16.940,1.25602,1.25623,1.50,2.51
2010.12.21 19:15:17.331,1.25604,1.2562,1.50,1.50
2010.12.21 19:15:17.453,1.25601,1.25624,1.76,1.50
2010.12.21 19:15:17.748,1.25601,1.25626,1.76,1.50
2010.12.21 19:15:17.870,1.25605,1.25627,1.50,3.38
2010.12.21 19:15:19.029,1.25605,1.25629,1.50,1.50
2010.12.21 19:15:20.410,1.25609,1.25629,1.50,1.50
2010.12.21 19:15:20.751,1.25612,1.25629,1.50,1.50
2010.12.21 19:15:21.088,1.25614,1.25629,1.50,1.50
2010.12.21 19:15:22.213,1.2562,1.25629,1.50,1.50
2010.12.21 19:15:22.789,1.25621,1.25629,1.50,1.50
2010.12.21 19:15:39.496,1.25621,1.25639,1.50,1.50
2010.12.21 19:15:40.007,1.25621,1.25648,1.50,2.25
2010.12.21 19:15:47.687,1.2562,1.25648,1.50,2.25
2010.12.21 19:15:52.856,1.25621,1.25648,1.50,2.25
2010.12.21 19:15:53.421,1.25626,1.25648,1.50,1.50
2010.12.21 19:15:53.838,1.25623,1.25653,1.88,1.50
2010.12.21 19:15:54.391,1.25628,1.25655,1.88,3.00
2010.12.21 19:15:54.510,1.25628,1.25655,2.25,1.50
2010.12.21 19:15:57.321,1.25628,1.25655,4.88,1.50
2010.12.21 19:15:58.208,1.25628,1.25655,5.25,1.50
2010.12.21 19:16:10.416,1.25628,1.25655,4.88,1.50
2010.12.21 19:16:11.708,1.25628,1.25655,5.25,1.50
2010.12.21 19:16:14.438,1.25628,1.25655,5.25,1.50
2010.12.21 19:16:15.001,1.25628,1.25654,5.62,2.25
2010.12.21 19:16:16.289,1.25628,1.25654,3.75,3.00
2010.12.21 19:16:16.420,1.25628,1.25648,1.50,1.12
2010.12.21 19:16:17.200,1.25628,1.25648,1.50,1.88
2010.12.21 19:16:19.111,1.25626,1.25648,1.50,1.88
2010.12.21 19:16:19.339,1.25618,1.25643,2.25,1.50
2010.12.21 19:16:26.107,1.25618,1.25645,2.25,1.50
2010.12.21 19:16:43.249,1.25617,1.25645,2.62,4.76
2010.12.21 19:16:43.590,1.25613,1.2564,4.50,1.50
2010.12.21 19:17:11.637,1.25614,1.2564,2.62,1.50
2010.12.21 19:17:13.340,1.2562,1.25643,1.88,4.76
2010.12.21 19:17:14.325,1.2562,1.2564,2.62,1.50
2010.12.21 19:17:14.443,1.25613,1.2564,2.70,1.50
2010.12.21 19:17:14.562,1.25613,1.25638,2.62,1.01
2010.12.21 19:17:14.681,1.25612,1.25638,1.50,2.51
2010.12.21 19:17:14.802,1.2561,1.25638,1.12,2.51
2010.12.21 19:17:16.912,1.2561,1.25638,1.12,2.25
2010.12.21 19:17:17.570,1.25613,1.25639,2.62,2.51
2010.12.21 19:17:17.691,1.2561,1.25637,1.88,1.50
2010.12.21 19:17:17.811,1.25608,1.25638,1.50,2.25
2010.12.21 19:17:19.429,1.25611,1.25638,1.50,3.00
2010.12.21 19:17:19.770,1.25611,1.25638,2.14,3.00
2010.12.21 19:17:28.409,1.25613,1.25637,1.50,1.50
2010.12.21 19:17:28.861,1.25613,1.25636,1.50,1.50
2010.12.21 19:17:30.401,1.25613,1.25637,1.50,1.01
2010.12.21 19:17:31.126,1.25611,1.25636,1.50,1.50
2010.12.21 19:17:32.443,1.25611,1.25634,1.50,1.12
2010.12.21 19:17:32.784,1.25608,1.25634,1.50,1.12
2010.12.21 19:17:33.338,1.25607,1.25633,1.50,1.50
2010.12.21 19:17:46.090,1.25602,1.25625,1.50,1.50
2010.12.21 19:17:46.220,1.25602,1.25627,1.50,1.50
2010.12.21 19:17:46.590,1.25603,1.25628,1.01,2.25
2010.12.21 19:17:46.719,1.25604,1.25629,1.76,1.12
2010.12.21 19:17:47.531,1.25605,1.25629,1.50,1.12
2010.12.21 19:17:48.529,1.25605,1.25629,1.50,1.12
2010.12.21 19:17:49.237,1.25604,1.25629,1.50,1.12
2010.12.21 19:17:51.160,1.25604,1.25629,1.50,1.12
2010.12.21 19:17:51.940,1.25604,1.25629,1.50,1.12
2010.12.21 19:17:53.074,1.25605,1.25631,1.50,1.50
2010.12.21 19:17:53.200,1.25608,1.25631,1.88,1.50
2010.12.21 19:17:53.585,1.25607,1.25635,1.50,1.50
2010.12.21 19:17:55.408,1.25607,1.25635,3.38,1.50
2010.12.21 19:17:55.976,1.25607,1.25637,4.12,2.62
2010.12.21 19:17:56.479,1.25608,1.25637,1.50,2.62
2010.12.21 19:17:57.148,1.25607,1.25637,4.12,2.62
2010.12.21 19:17:57.899,1.25608,1.25637,1.01,1.88
2010.12.21 19:17:58.020,1.2561,1.25637,1.88,1.88
2010.12.21 19:18:00.879,1.2561,1.25635,1.88,4.50
2010.12.21 19:18:01.110,1.25605,1.25633,2.25,1.50
2010.12.21 19:18:01.699,1.25605,1.25632,1.50,2.62
2010.12.21 19:18:02.450,1.25605,1.2563,1.50,1.12
2010.12.21 19:18:02.946,1.25604,1.25629,1.50,2.62
2010.12.21 19:18:05.999,1.25604,1.25626,1.50,1.50
2010.12.21 19:18:06.969,1.25608,1.25626,1.88,1.50
2010.12.21 19:18:07.202,1.25609,1.25632,1.88,1.50
2010.12.21 19:18:07.430,1.25609,1.25633,1.88,3.38
2010.12.21 19:18:07.949,1.25609,1.25633,2.62,3.00
2010.12.21 19:18:16.307,1.25613,1.25633,1.88,1.50
2010.12.21 19:18:16.653,1.25613,1.25635,2.62,2.25
2010.12.21 19:18:17.131,1.25612,1.25632,1.12,1.76
2010.12.21 19:18:17.939,1.25611,1.25633,1.12,3.26
2010.12.21 19:18:21.178,1.25609,1.25633,2.25,4.76
2010.12.21 19:18:22.643,1.25606,1.25631,2.40,1.50
2010.12.21 19:18:23.199,1.25606,1.25631,2.25,1.50
2010.12.21 19:18:41.205,1.25606,1.25631,2.25,1.88
2010.12.21 19:18:41.950,1.25607,1.25632,2.25,2.25
2010.12.21 19:18:42.565,1.25607,1.25632,2.25,2.62
2010.12.21 19:18:46.377,1.25607,1.25632,2.25,2.62
2010.12.21 19:18:47.214,1.25604,1.25631,2.25,1.88
2010.12.21 19:18:47.439,1.25604,1.25631,2.25,1.88
2010.12.21 19:18:50.240,1.25604,1.25631,2.25,1.88
2010.12.21 19:18:52.194,1.25604,1.25629,1.50,1.12
2010.12.21 19:18:55.638,1.25608,1.25629,1.76,1.12
2010.12.21 19:18:55.761,1.25608,1.25631,1.76,1.12
2010.12.21 19:18:56.663,1.25609,1.25629,1.01,1.50
2010.12.21 19:18:56.778,1.25609,1.25631,1.01,1.50
2010.12.21 19:18:57.329,1.25609,1.25631,1.01,1.50
2010.12.21 19:18:59.989,1.25609,1.25632,1.01,2.62
2010.12.21 19:19:01.655,1.25608,1.25632,1.76,3.64
2010.12.21 19:19:02.100,1.25604,1.2563,1.76,1.50
2010.12.21 19:19:04.124,1.25605,1.25632,1.50,2.62
2010.12.21 19:19:05.608,1.25605,1.2563,1.50,1.50
2010.12.21 19:19:07.090,1.25605,1.25629,1.50,1.50
2010.12.21 19:19:30.231,1.25613,1.25635,3.38,1.88
2010.12.21 19:19:31.155,1.25614,1.25634,2.62,1.50
2010.12.21 19:19:31.640,1.25615,1.25638,1.12,1.50
2010.12.21 19:19:32.200,1.25614,1.25639,1.50,1.50
2010.12.21 19:19:36.527,1.25615,1.2564,2.25,1.76
2010.12.21 19:19:38.389,1.25615,1.25639,3.00,2.25
2010.12.21 19:19:38.622,1.25612,1.25637,3.00,1.01
2010.12.21 19:19:39.096,1.25611,1.25634,1.50,1.50
2010.12.21 19:19:39.844,1.25615,1.25634,1.88,1.50
2010.12.21 19:19:41.284,1.25612,1.25634,1.88,1.50
2010.12.21 19:19:41.400,1.25612,1.25634,2.62,1.50
2010.12.21 19:19:43.805,1.25618,1.25634,1.88,1.50
2010.12.21 19:19:44.336,1.2562,1.25634,1.88,1.50
2010.12.21 19:19:44.462,1.2562,1.25639,2.62,1.50
2010.12.21 19:19:45.416,1.25619,1.25639,1.12,1.50
2010.12.21 19:19:45.653,1.25617,1.25639,1.50,1.50
2010.12.21 19:19:50.599,1.25615,1.25639,2.25,1.50
2010.12.21 19:19:50.834,1.25617,1.25639,2.25,1.50
2010.12.21 19:19:51.665,1.2562,1.25639,2.62,1.50
2010.12.21 19:19:53.490,1.2562,1.25645,2.25,5.89
2010.12.21 19:19:53.719,1.25621,1.25645,1.12,4.01
2010.12.21 19:20:00.558,1.25619,1.25639,1.12,1.50
2010.12.21 19:20:01.110,1.25623,1.25639,1.50,1.50
2010.12.21 19:20:02.189,1.25619,1.2564,2.62,1.50
2010.12.21 19:20:02.324,1.25614,1.25639,2.62,1.50
2010.12.21 19:20:02.443,1.25618,1.2564,1.12,1.50
2010.12.21 19:20:03.018,1.25621,1.2564,1.12,1.50
2010.12.21 19:20:04.353,1.2562,1.2564,2.25,1.50
2010.12.21 19:20:04.916,1.25618,1.2564,1.50,1.50
2010.12.21 19:20:05.350,1.25627,1.25647,1.50,1.76
2010.12.21 19:20:05.479,1.25627,1.25643,1.50,1.01
2010.12.21 19:20:05.854,1.25621,1.25641,2.25,1.01
2010.12.21 19:20:05.982,1.25618,1.2564,2.25,1.76
2010.12.21 19:20:06.104,1.25622,1.2564,1.88,1.76
2010.12.21 19:20:06.222,1.25618,1.2564,1.50,1.76
2010.12.21 19:20:06.788,1.25616,1.2564,1.12,1.76
2010.12.21 19:20:07.123,1.25621,1.2564,1.88,1.50
2010.12.21 19:20:07.245,1.25619,1.2564,1.50,1.50
2010.12.21 19:20:07.363,1.25616,1.2564,1.12,1.50
2010.12.21 19:20:09.626,1.25615,1.25638,2.25,1.01
2010.12.21 19:20:09.744,1.25612,1.25637,2.25,1.01
2010.12.21 19:20:09.970,1.25612,1.25637,1.50,1.01
2010.12.21 19:20:11.310,1.25612,1.25636,1.50,1.50
2010.12.21 19:20:14.597,1.25612,1.25638,1.50,2.62
2010.12.21 19:20:14.929,1.25612,1.25634,1.50,1.50
2010.12.21 19:20:16.488,1.25612,1.25632,1.50,1.50
2010.12.21 19:20:16.615,1.2561,1.25634,1.50,1.12
2010.12.21 19:20:17.382,1.2561,1.25633,1.50,1.88
2010.12.21 19:20:21.570,1.25612,1.25633,1.50,1.50
2010.12.21 19:20:34.699,1.25612,1.25632,1.50,1.50
2010.12.21 19:20:39.029,1.25612,1.25631,1.50,1.88
2010.12.21 19:20:39.146,1.25609,1.25631,1.50,1.88
2010.12.21 19:20:43.044,1.25605,1.25627,1.50,1.50
2010.12.21 19:20:43.163,1.25605,1.2563,1.76,2.62
2010.12.21 19:20:46.921,1.25606,1.25632,1.50,1.88
2010.12.21 19:20:47.489,1.25606,1.2563,1.50,1.50
2010.12.21 19:20:49.560,1.25606,1.25629,1.50,1.12
2010.12.21 19:20:55.420,1.25604,1.25626,1.50,1.50
2010.12.21 19:20:56.078,1.25604,1.25622,1.50,1.50
2010.12.21 19:20:56.370,1.25601,1.2562,1.76,1.50
2010.12.21 19:20:57.376,1.25601,1.25623,1.76,1.50
2010.12.21 19:20:57.939,1.25601,1.25626,1.76,1.50
2010.12.21 19:20:58.336,1.25601,1.25627,1.76,1.50
2010.12.21 19:20:58.849,1.25602,1.25627,1.50,1.50
2010.12.21 19:20:59.431,1.25602,1.25629,1.50,1.50
2010.12.21 19:20:59.970,1.25602,1.25628,1.50,1.12
2010.12.21 19:21:00.090,1.25602,1.25626,1.50,1.50
2010.12.21 19:21:00.932,1.25602,1.2563,1.50,3.38
2010.12.21 19:21:03.057,1.25602,1.2563,1.50,3.00
2010.12.21 19:21:04.460,1.25602,1.2563,1.88,2.25
2010.12.21 19:21:06.028,1.25606,1.2563,1.50,1.50
2010.12.21 19:21:09.568,1.25604,1.25629,1.50,2.25
2010.12.21 19:21:10.161,1.25604,1.25628,1.50,1.50
2010.12.21 19:21:10.288,1.25604,1.25628,1.50,1.88
2010.12.21 19:21:10.619,1.25604,1.25628,1.50,1.12
2010.12.21 19:21:11.032,1.25606,1.2563,1.50,2.62
2010.12.21 19:21:18.848,1.25606,1.25629,1.50,1.50
2010.12.21 19:21:20.730,1.25605,1.25629,1.50,1.50
2010.12.21 19:21:32.720,1.2561,1.25629,1.50,1.50
2010.12.21 19:21:33.920,1.2561,1.25632,1.50,1.76
2010.12.21 19:21:49.439,1.25608,1.25632,1.50,1.50
2010.12.21 19:21:54.189,1.25605,1.2563,1.50,1.50
2010.12.21 19:21:55.002,1.25605,1.2563,2.89,2.25
2010.12.21 19:21:55.340,1.25611,1.25633,1.50,1.50
2010.12.21 19:22:00.970,1.25612,1.25635,1.50,1.76
2010.12.21 19:22:01.443,1.25614,1.25635,1.50,1.76
2010.12.21 19:22:04.538,1.25613,1.25635,1.50,1.76
2010.12.21 19:22:05.518,1.25611,1.25633,1.76,1.01
2010.12.21 19:22:06.292,1.25608,1.25631,1.50,1.01
2010.12.21 19:22:06.789,1.25608,1.25632,1.50,2.51
2010.12.21 19:22:07.571,1.25611,1.25632,1.50,2.51
2010.12.21 19:22:07.931,1.25611,1.25632,1.50,1.50
2010.12.21 19:22:08.061,1.25607,1.25632,1.50,1.76
2010.12.21 19:22:09.890,1.25607,1.25632,1.88,1.76
2010.12.21 19:22:12.209,1.25607,1.25632,1.50,1.76
2010.12.21 19:22:13.069,1.25607,1.25632,1.50,2.51
2010.12.21 19:22:20.761,1.2561,1.25631,1.50,1.50
2010.12.21 19:22:26.893,1.25613,1.25631,1.50,1.50
2010.12.21 19:22:27.122,1.25613,1.25635,1.50,2.25
2010.12.21 19:22:27.915,1.25613,1.25635,1.50,2.51
2010.12.21 19:22:28.141,1.25608,1.25631,2.62,1.01
2010.12.21 19:22:28.812,1.25608,1.25631,1.50,2.51
2010.12.21 19:22:29.150,1.25608,1.25631,1.50,1.76
2010.12.21 19:22:30.553,1.2561,1.25631,1.50,1.50
2010.12.21 19:22:31.137,1.25614,1.25636,1.50,2.25
2010.12.21 19:22:31.257,1.25614,1.25636,1.50,1.50
2010.12.21 19:22:31.483,1.25614,1.25636,1.50,1.76
2010.12.21 19:22:32.575,1.25613,1.25634,1.50,1.01
2010.12.21 19:22:32.802,1.2561,1.25632,3.00,1.76
2010.12.21 19:22:35.398,1.2561,1.25631,1.50,1.50
2010.12.21 19:22:36.673,1.25607,1.2563,1.50,1.88
2010.12.21 19:22:37.204,1.25607,1.25631,1.50,2.25
2010.12.21 19:22:44.295,1.25607,1.25631,1.50,1.88
2010.12.21 19:22:44.892,1.25607,1.25631,1.50,1.50
2010.12.21 19:23:08.280,1.25608,1.25631,1.50,1.50
2010.12.21 19:23:10.111,1.25607,1.25631,1.50,1.50
2010.12.21 19:23:11.682,1.25607,1.25629,1.50,1.88
2010.12.21 19:23:12.068,1.25607,1.25631,1.50,1.50
2010.12.21 19:23:16.032,1.25605,1.25629,3.00,1.88
2010.12.21 19:23:18.713,1.25605,1.25625,3.00,1.01
2010.12.21 19:23:18.940,1.25602,1.25624,1.50,1.50
2010.12.21 19:23:19.466,1.25604,1.25627,1.76,1.50
2010.12.21 19:23:23.501,1.25605,1.25625,1.50,1.01
2010.12.21 19:23:23.730,1.25602,1.25624,1.50,1.50
2010.12.21 19:23:25.964,1.25602,1.25624,1.50,1.76
2010.12.21 19:23:31.252,1.25605,1.25625,2.25,1.01
2010.12.21 19:23:32.992,1.25602,1.25625,1.50,1.01
2010.12.21 19:23:33.112,1.25604,1.25625,1.50,2.51
2010.12.21 19:23:35.026,1.25604,1.25625,1.76,1.88
2010.12.21 19:23:36.194,1.25604,1.2563,3.26,1.39
2010.12.21 19:23:36.841,1.25604,1.2563,3.00,1.12
2010.12.21 19:23:37.573,1.25604,1.25627,1.50,3.00
2010.12.21 19:23:38.531,1.25604,1.25627,1.50,1.12
2010.12.21 19:23:43.358,1.25608,1.25632,1.50,2.51
2010.12.21 19:23:43.911,1.25609,1.25632,1.50,2.51
2010.12.21 19:23:47.502,1.25607,1.25632,1.50,2.89
2010.12.21 19:23:47.627,1.25605,1.25631,1.50,2.62
2010.12.21 19:23:49.212,1.2561,1.25633,1.50,1.50
2010.12.21 19:23:50.041,1.2561,1.25631,2.25,1.01
2010.12.21 19:23:50.473,1.25608,1.25631,1.50,1.01
2010.12.21 19:23:50.704,1.25608,1.25632,1.50,1.01
2010.12.21 19:23:51.329,1.25609,1.25632,2.25,3.26
2010.12.21 19:23:51.862,1.25609,1.25632,2.25,3.26
2010.12.21 19:23:55.533,1.25609,1.25632,2.25,2.25
2010.12.21 19:23:56.004,1.25612,1.25636,3.38,2.25
2010.12.21 19:23:56.353,1.25614,1.25637,2.25,3.26
2010.12.21 19:23:57.404,1.25609,1.25631,2.25,1.01
2010.12.21 19:23:57.523,1.2561,1.25632,2.25,1.76
2010.12.21 19:24:02.371,1.2561,1.25632,2.62,2.51
2010.12.21 19:24:02.969,1.25611,1.25632,2.62,2.25
2010.12.21 19:24:03.311,1.25615,1.25637,1.50,4.24
2010.12.21 19:24:05.148,1.25615,1.25635,1.50,1.76
2010.12.21 19:24:09.937,1.25614,1.25635,1.50,3.26
2010.12.21 19:24:10.283,1.25607,1.2563,1.88,1.01
2010.12.21 19:24:10.511,1.25607,1.25632,1.50,1.76
2010.12.21 19:24:11.431,1.25607,1.25631,1.50,1.50
2010.12.21 19:24:12.019,1.25607,1.2563,1.50,1.50
2010.12.21 19:24:13.976,1.2561,1.2563,3.38,1.50
2010.12.21 19:24:18.776,1.25612,1.2563,1.88,1.50
2010.12.21 19:24:20.795,1.25608,1.2563,2.25,1.50
2010.12.21 19:24:21.351,1.25609,1.2563,2.62,1.50
2010.12.21 19:24:28.283,1.2561,1.2563,1.50,1.50
2010.12.21 19:24:31.106,1.25608,1.2563,1.50,1.50
2010.12.21 19:24:31.227,1.25609,1.2563,1.12,1.50
2010.12.21 19:24:31.836,1.25611,1.2563,1.50,1.50
2010.12.21 19:24:34.859,1.25615,1.25634,2.25,1.50
2010.12.21 19:24:35.324,1.25615,1.25632,2.25,1.01
2010.12.21 19:24:35.829,1.25611,1.25629,3.00,1.76
2010.12.21 19:24:35.950,1.25614,1.25629,2.25,1.50
2010.12.21 19:24:36.071,1.25614,1.25634,2.25,1.01
2010.12.21 19:24:36.631,1.25614,1.25634,2.25,1.76
2010.12.21 19:24:37.808,1.25609,1.25629,2.62,1.50
2010.12.21 19:24:40.739,1.25609,1.25628,2.62,1.50
2010.12.21 19:24:41.330,1.25611,1.25635,4.50,1.88
2010.12.21 19:24:41.451,1.25611,1.25636,4.50,1.88
2010.12.21 19:24:41.572,1.25614,1.25636,1.50,1.88
2010.12.21 19:24:41.694,1.25614,1.25639,2.25,1.50
2010.12.21 19:24:41.811,1.25617,1.25639,1.12,1.50
2010.12.21 19:24:44.966,1.25617,1.25639,1.50,1.50
2010.12.21 19:24:47.330,1.25619,1.25639,1.12,1.50
2010.12.21 19:24:48.001,1.25619,1.25643,1.12,1.50
2010.12.21 19:24:48.272,1.25621,1.25645,2.25,5.62
2010.12.21 19:24:48.839,1.25621,1.25644,2.25,1.50
2010.12.21 19:24:49.363,1.25621,1.25644,2.25,1.76
2010.12.21 19:24:50.322,1.25621,1.25644,2.25,1.76
2010.12.21 19:24:52.883,1.25622,1.25644,1.65,1.76
2010.12.21 19:24:53.124,1.25623,1.25644,1.50,1.76
2010.12.21 19:24:53.708,1.25622,1.25644,3.00,1.76
2010.12.21 19:24:58.437,1.25622,1.25644,3.00,1.76
2010.12.21 19:25:01.671,1.25629,1.25644,1.01,1.50
2010.12.21 19:25:02.027,1.25632,1.25648,1.12,1.50
2010.12.21 19:25:02.152,1.25633,1.25651,1.50,1.88
2010.12.21 19:25:02.514,1.25633,1.25653,2.62,1.76
2010.12.21 19:25:03.181,1.25633,1.25653,3.38,1.76
2010.12.21 19:25:04.521,1.2563,1.25649,1.12,1.01
2010.12.21 19:25:04.972,1.2563,1.2565,1.12,1.50
2010.12.21 19:25:15.201,1.25632,1.25654,4.50,1.50
2010.12.21 19:25:15.321,1.25632,1.25654,4.88,1.50
2010.12.21 19:25:16.284,1.25635,1.25653,1.39,1.50
2010.12.21 19:25:16.744,1.25637,1.25648,2.25,1.50
2010.12.21 19:25:16.981,1.25637,1.25653,2.51,1.50
2010.12.21 19:25:17.490,1.25637,1.25653,1.50,1.50
2010.12.21 19:25:17.622,1.25636,1.25648,1.12,1.50
2010.12.21 19:25:18.178,1.25636,1.25648,1.12,1.50
2010.12.21 19:25:21.067,1.25637,1.25653,2.25,1.50
2010.12.21 19:25:22.753,1.25633,1.25648,1.50,1.50
2010.12.21 19:25:23.324,1.25632,1.25648,4.88,1.50
2010.12.21 19:25:24.170,1.25632,1.25648,3.38,1.50
2010.12.21 19:25:30.161,1.25627,1.25642,1.88,1.50
2010.12.21 19:25:32.568,1.25626,1.25642,3.38,1.50
2010.12.21 19:25:35.122,1.25624,1.25642,3.00,1.50
2010.12.21 19:25:35.591,1.25624,1.25637,1.50,1.50
2010.12.21 19:25:39.361,1.25624,1.25643,1.50,1.50
2010.12.21 19:25:39.990,1.25625,1.25643,1.50,1.50
2010.12.21 19:25:46.959,1.25628,1.25643,1.88,1.50
2010.12.21 19:25:52.393,1.2563,1.25643,1.88,1.50
2010.12.21 19:25:53.057,1.2563,1.25649,1.88,1.50
2010.12.21 19:25:53.171,1.2563,1.25642,1.88,1.35
2010.12.21 19:25:54.641,1.25624,1.25642,2.25,1.35
2010.12.21 19:25:55.229,1.25626,1.25642,3.38,1.35
2010.12.21 19:25:56.339,1.25625,1.25642,1.88,1.35
2010.12.21 19:25:56.922,1.25619,1.25638,1.50,1.35
2010.12.21 19:26:00.637,1.25624,1.25638,1.88,1.35
2010.12.21 19:26:01.741,1.2562,1.25638,1.50,1.35
2010.12.21 19:26:02.441,1.25619,1.25638,1.50,1.35
2010.12.21 19:26:03.000,1.25619,1.25637,1.50,1.35
2010.12.21 19:26:04.653,1.25619,1.25637,2.25,1.35
2010.12.21 19:26:06.576,1.25619,1.25637,1.50,1.35
2010.12.21 19:26:09.120,1.25619,1.25634,3.38,1.35
2010.12.21 19:26:10.880,1.25619,1.25638,3.38,1.35
2010.12.21 19:26:14.185,1.25624,1.25638,3.75,1.35
2010.12.21 19:26:14.519,1.25626,1.25638,1.88,1.35
2010.12.21 19:26:21.091,1.25625,1.25638,1.88,1.35
2010.12.21 19:26:22.093,1.25624,1.25634,1.88,1.35
2010.12.21 19:26:22.761,1.25624,1.25635,1.88,1.50
2010.12.21 19:26:27.404,1.25619,1.25635,1.50,1.50
2010.12.21 19:26:28.932,1.25616,1.25629,1.88,1.50
2010.12.21 19:26:29.057,1.25611,1.25627,1.50,1.50
2010.12.21 19:26:29.446,1.25614,1.25627,1.88,1.50
2010.12.21 19:26:29.790,1.25617,1.25633,1.88,1.50
2010.12.21 19:26:32.870,1.25617,1.25632,1.88,1.50
2010.12.21 19:26:35.053,1.25613,1.25625,1.50,1.50
2010.12.21 19:26:35.169,1.25607,1.25625,1.50,1.50
2010.12.21 19:26:39.760,1.25607,1.25628,1.50,3.00
2010.12.21 19:26:41.259,1.25607,1.25622,1.50,1.50
2010.12.21 19:26:41.481,1.25604,1.25622,3.00,1.50
2010.12.21 19:26:42.039,1.25605,1.25622,1.50,1.50
2010.12.21 19:26:42.996,1.25605,1.25623,1.50,1.50
2010.12.21 19:26:44.310,1.25605,1.25626,1.50,1.50
2010.12.21 19:26:50.376,1.25605,1.25622,1.50,1.50
2010.12.21 19:27:02.339,1.2561,1.25628,1.01,1.50
2010.12.21 19:27:02.461,1.2561,1.25632,1.01,2.62
2010.12.21 19:27:03.025,1.25613,1.2563,1.50,1.50
2010.12.21 19:27:03.144,1.25613,1.25623,1.50,1.50
2010.12.21 19:27:03.263,1.2561,1.25623,1.88,1.50
2010.12.21 19:27:03.493,1.25603,1.25623,1.76,1.50
2010.12.21 19:27:09.525,1.25604,1.2563,1.01,3.00
2010.12.21 19:27:09.931,1.25604,1.2563,2.51,3.00
2010.12.21 19:27:10.443,1.25606,1.2563,1.50,1.50
2010.12.21 19:27:11.053,1.25607,1.25629,1.50,1.50
2010.12.21 19:27:12.392,1.2561,1.25629,1.50,1.50
2010.12.21 19:27:12.621,1.2561,1.25632,1.50,3.00
2010.12.21 19:27:20.694,1.2562,1.25632,6.64,1.50
2010.12.21 19:27:20.815,1.25624,1.25634,1.01,1.50
2010.12.21 19:27:21.156,1.25624,1.2564,1.01,1.88
2010.12.21 19:27:21.278,1.25628,1.25643,1.50,1.88
2010.12.21 19:27:21.512,1.25617,1.25638,1.88,1.50
2010.12.21 19:27:21.632,1.25622,1.25638,1.88,2.25
2010.12.21 19:27:21.751,1.25615,1.25635,1.50,1.50
2010.12.21 19:27:22.309,1.25615,1.25635,1.50,1.50
2010.12.21 19:27:23.454,1.25612,1.25638,1.50,1.50
2010.12.21 19:27:24.266,1.25612,1.25638,1.50,3.00
2010.12.21 19:27:24.392,1.25615,1.25638,1.50,2.25
2010.12.21 19:27:24.951,1.25614,1.25638,2.25,1.50
2010.12.21 19:27:25.485,1.25614,1.25638,1.50,3.00
2010.12.21 19:27:26.191,1.25613,1.25638,1.50,3.00
2010.12.21 19:27:28.131,1.25613,1.25638,1.50,2.25
2010.12.21 19:27:28.250,1.25615,1.25638,1.50,1.50
2010.12.21 19:27:37.500,1.25618,1.25638,1.50,1.50
2010.12.21 19:27:42.720,1.25618,1.25639,1.50,1.50
2010.12.21 19:27:49.846,1.25618,1.25639,2.25,1.50
2010.12.21 19:27:50.182,1.25623,1.25644,1.50,3.38
2010.12.21 19:27:50.741,1.25625,1.25644,1.01,1.50
2010.12.21 19:27:51.452,1.25624,1.25645,2.25,1.01
2010.12.21 19:27:51.573,1.25624,1.25645,2.25,1.76
2010.12.21 19:27:52.180,1.25623,1.25644,2.25,1.50
2010.12.21 19:27:53.889,1.25623,1.25645,2.25,1.76
2010.12.21 19:27:54.439,1.25623,1.25645,2.25,1.76
2010.12.21 19:27:59.989,1.25626,1.25645,1.50,1.76
2010.12.21 19:28:02.822,1.25622,1.25645,1.50,4.01
2010.12.21 19:28:26.340,1.2562,1.25641,3.26,1.50
2010.12.21 19:28:26.955,1.25622,1.25642,1.50,1.50
2010.12.21 19:28:27.519,1.2562,1.25639,1.76,3.00
2010.12.21 19:28:29.223,1.2562,1.25638,1.50,1.01
2010.12.21 19:28:29.461,1.25616,1.2564,1.76,2.14
2010.12.21 19:28:30.780,1.25616,1.25642,1.50,4.39
2010.12.21 19:28:30.894,1.25618,1.25642,1.50,4.39
2010.12.21 19:28:31.015,1.25618,1.25642,1.50,2.89
2010.12.21 19:28:31.131,1.25615,1.25642,3.00,2.89
2010.12.21 19:28:32.371,1.25615,1.25642,3.75,2.89
2010.12.21 19:28:32.974,1.25615,1.2564,3.00,1.12
2010.12.21 19:28:35.301,1.25615,1.25639,3.00,1.12
2010.12.21 19:28:35.654,1.25612,1.25633,1.50,1.50
2010.12.21 19:28:36.226,1.25611,1.2563,1.50,1.50
2010.12.21 19:28:37.001,1.2561,1.2563,1.50,1.50
2010.12.21 19:28:46.327,1.25611,1.25635,1.50,1.50
2010.12.21 19:28:46.987,1.25612,1.25635,1.50,1.50
2010.12.21 19:28:47.495,1.25615,1.25635,1.50,1.50
2010.12.21 19:28:47.623,1.25616,1.25639,1.50,1.50
2010.12.21 19:28:47.869,1.25622,1.25643,1.50,1.50
2010.12.21 19:28:48.364,1.25622,1.25644,1.50,1.88
2010.12.21 19:28:48.490,1.25625,1.25643,1.50,4.76
2010.12.21 19:28:48.612,1.25619,1.25641,1.88,1.50
2010.12.21 19:28:48.840,1.25616,1.25641,3.00,1.50
2010.12.21 19:28:50.926,1.25616,1.25641,3.00,5.62
2010.12.21 19:28:52.281,1.25616,1.25641,3.00,3.75
2010.12.21 19:28:53.030,1.25619,1.25641,1.50,1.50
2010.12.21 19:28:59.270,1.25619,1.25633,1.50,1.50
2010.12.21 19:28:59.822,1.25618,1.25633,1.50,1.50
2010.12.21 19:29:00.051,1.25616,1.25633,1.50,1.50
2010.12.21 19:29:14.819,1.25615,1.25633,1.50,1.50
2010.12.21 19:29:20.992,1.25616,1.25633,1.50,1.50
2010.12.21 19:29:21.604,1.25619,1.25633,1.50,1.50
2010.12.21 19:29:27.655,1.25619,1.25632,1.50,1.50
2010.12.21 19:29:31.777,1.25621,1.25638,1.50,1.50
2010.12.21 19:29:32.004,1.25621,1.25632,1.50,1.50
2010.12.21 19:29:32.393,1.25619,1.25632,1.50,1.50
2010.12.21 19:29:49.917,1.25613,1.25632,3.64,1.50
2010.12.21 19:29:54.724,1.25614,1.25632,1.50,1.50
2010.12.21 19:30:00.810,1.25614,1.25633,1.50,1.50
2010.12.21 19:30:04.670,1.25613,1.25638,3.26,1.50
2010.12.21 19:30:06.389,1.25613,1.25638,3.26,1.88
2010.12.21 19:30:09.349,1.25613,1.25638,3.26,1.50
2010.12.21 19:30:09.469,1.25615,1.2564,1.50,3.38
2010.12.21 19:30:16.161,1.25615,1.2564,1.76,1.50
2010.12.21 19:30:16.500,1.25619,1.2564,3.00,1.50
2010.12.21 19:30:17.452,1.25619,1.2564,3.26,1.50
2010.12.21 19:30:25.229,1.25619,1.2564,3.00,1.76
2010.12.21 19:30:25.727,1.25615,1.25639,1.76,2.51
2010.12.21 19:30:25.966,1.25613,1.2564,1.50,6.26
2010.12.21 19:30:26.082,1.25613,1.25627,1.50,1.50
2010.12.21 19:30:26.951,1.25614,1.25627,1.50,1.50
2010.12.21 19:30:27.403,1.25615,1.25632,1.50,1.50
2010.12.21 19:30:27.937,1.25615,1.25633,1.88,1.50
2010.12.21 19:30:28.176,1.25618,1.25633,1.50,1.50
2010.12.21 19:30:34.137,1.2562,1.25638,1.50,1.50
2010.12.21 19:30:34.372,1.25622,1.25638,1.50,1.50
2010.12.21 19:30:38.660,1.25622,1.25645,1.50,4.01
2010.12.21 19:30:53.200,1.25624,1.25645,1.50,1.76
2010.12.21 19:30:55.321,1.25624,1.25646,2.25,1.01
2010.12.21 19:30:55.442,1.25628,1.25649,1.01,1.88
2010.12.21 19:30:55.672,1.25629,1.25652,1.76,1.76
2010.12.21 19:31:15.461,1.2563,1.25652,2.89,1.76
2010.12.21 19:31:15.585,1.25633,1.25656,2.51,1.50
2010.12.21 19:31:16.096,1.25637,1.2566,1.50,5.14
2010.12.21 19:31:20.342,1.25637,1.25652,1.50,1.50
2010.12.21 19:31:20.735,1.2564,1.25657,1.01,1.50
2010.12.21 19:31:21.810,1.2564,1.25657,1.76,1.50
2010.12.21 19:31:24.019,1.2564,1.25652,1.50,1.50
2010.12.21 19:31:24.243,1.25637,1.25652,1.50,1.50
2010.12.21 19:31:25.972,1.25636,1.2566,3.00,1.76
2010.12.21 19:31:30.444,1.25636,1.2566,3.00,2.14
2010.12.21 19:31:31.741,1.25636,1.25661,1.50,2.89
2010.12.21 19:31:32.696,1.25636,1.25661,1.50,2.14
2010.12.21 19:31:36.152,1.25636,1.25661,1.50,2.89
2010.12.21 19:31:36.710,1.25637,1.25661,1.50,2.89
2010.12.21 19:31:37.272,1.25636,1.25658,1.50,1.88
2010.12.21 19:31:40.748,1.25636,1.25661,1.50,2.14
2010.12.21 19:31:42.841,1.25637,1.25661,1.50,1.88
2010.12.21 19:31:44.409,1.25637,1.25661,1.50,1.88
2010.12.21 19:32:09.031,1.25636,1.2566,1.50,1.50
2010.12.21 19:32:11.071,1.25636,1.25662,1.50,1.76
2010.12.21 19:32:14.744,1.25637,1.25662,1.50,3.26
2010.12.21 19:32:16.464,1.25637,1.25653,1.50,1.50
2010.12.21 19:32:29.722,1.25636,1.25653,1.50,1.50
2010.12.21 19:32:30.790,1.25638,1.25653,1.50,1.50
2010.12.21 19:32:31.240,1.2564,1.25653,1.50,1.50
2010.12.21 19:32:31.362,1.2564,1.25658,1.50,1.50
2010.12.21 19:32:41.523,1.2564,1.25658,3.64,1.50
2010.12.21 19:32:41.652,1.25644,1.25662,3.26,1.50
2010.12.21 19:33:09.888,1.25645,1.25663,1.76,1.50
2010.12.21 19:33:14.264,1.25645,1.25667,1.76,1.50
2010.12.21 19:33:41.761,1.25644,1.25667,2.62,1.50
2010.12.21 19:34:05.122,1.25651,1.25667,1.01,1.50
2010.12.21 19:34:06.871,1.25649,1.25668,2.14,1.50
2010.12.21 19:34:35.791,1.25648,1.25662,3.00,1.50
2010.12.21 19:34:36.530,1.25644,1.25662,3.00,1.50
2010.12.21 19:34:40.340,1.25642,1.25662,1.76,1.50
2010.12.21 19:35:00.670,1.25645,1.25662,1.50,1.50
2010.12.21 19:35:00.790,1.25645,1.25668,1.50,1.50
2010.12.21 19:35:08.309,1.25646,1.25668,1.50,1.50
2010.12.21 19:35:11.026,1.25645,1.25668,1.50,1.88
2010.12.21 19:35:12.180,1.25643,1.25667,3.26,1.88
2010.12.21 19:35:21.007,1.25643,1.25667,1.76,1.88
2010.12.21 19:35:21.527,1.25642,1.25667,1.50,1.39
2010.12.21 19:35:22.093,1.25641,1.25666,1.50,1.88
2010.12.21 19:35:23.698,1.25641,1.25666,1.50,3.00
2010.12.21 19:35:24.639,1.25638,1.25665,1.50,1.88
2010.12.21 19:35:25.244,1.25638,1.25661,1.50,1.88
2010.12.21 19:35:33.139,1.25638,1.25658,1.50,1.50
2010.12.21 19:35:33.488,1.25635,1.25657,1.88,2.25
2010.12.21 19:35:33.870,1.25633,1.25657,1.88,1.12
2010.12.21 19:35:34.103,1.25632,1.25659,1.76,1.88
2010.12.21 19:35:34.226,1.25636,1.25659,1.50,1.88
2010.12.21 19:35:34.641,1.25636,1.25655,1.50,1.50
2010.12.21 19:35:37.191,1.25636,1.25655,1.76,1.50
2010.12.21 19:35:37.580,1.25639,1.25658,3.38,1.50
2010.12.21 19:35:38.033,1.25639,1.25664,4.88,1.50
2010.12.21 19:35:38.153,1.2564,1.25664,1.01,1.50
2010.12.21 19:35:38.611,1.25642,1.25666,1.76,1.50
2010.12.21 19:35:39.201,1.25642,1.25667,1.76,1.50
2010.12.21 19:35:54.875,1.2564,1.25666,1.50,2.25
2010.12.21 19:35:54.994,1.25638,1.25666,3.00,3.00
2010.12.21 19:35:58.315,1.25638,1.25656,1.50,4.50
2010.12.21 19:35:58.727,1.25636,1.25663,1.50,2.62
2010.12.21 19:35:58.842,1.25638,1.25664,1.50,1.88
2010.12.21 19:35:59.463,1.25639,1.2566,1.12,1.50
2010.12.21 19:35:59.815,1.25644,1.25664,1.88,1.50
2010.12.21 19:36:00.371,1.25644,1.25664,1.88,1.50
2010.12.21 19:36:01.838,1.25644,1.25667,1.88,1.50
2010.12.21 19:36:07.911,1.25644,1.25667,1.50,2.25
2010.12.21 19:36:08.471,1.25642,1.25667,1.88,2.25
2010.12.21 19:36:09.231,1.2564,1.25665,3.75,1.50
2010.12.21 19:36:16.205,1.25641,1.25665,1.12,1.50
2010.12.21 19:36:16.430,1.25643,1.25667,1.88,1.50
2010.12.21 19:36:22.084,1.25647,1.25667,2.51,1.50
2010.12.21 19:36:22.203,1.25647,1.25673,2.51,3.00
2010.12.21 19:36:22.584,1.2565,1.25673,1.50,1.50
2010.12.21 19:36:23.140,1.25649,1.25672,2.89,1.50
2010.12.21 19:36:24.430,1.25649,1.25672,2.14,1.50
2010.12.21 19:36:26.946,1.25647,1.25671,3.75,2.51
2010.12.21 19:36:27.502,1.25647,1.25669,3.75,1.50
2010.12.21 19:36:28.104,1.25647,1.25669,3.75,1.50
2010.12.21 19:36:31.770,1.25647,1.25669,3.75,1.50
2010.12.21 19:36:32.333,1.25647,1.25669,3.75,1.50
2010.12.21 19:36:37.772,1.25649,1.25672,1.50,2.25
2010.12.21 19:36:38.330,1.25647,1.25671,2.25,1.50
2010.12.21 19:36:38.451,1.2565,1.25668,1.88,1.50
2010.12.21 19:36:38.844,1.2565,1.25673,1.76,1.50
2010.12.21 19:36:39.940,1.2565,1.25673,1.76,3.26
2010.12.21 19:36:50.032,1.2565,1.25668,2.14,1.50
2010.12.21 19:36:51.211,1.25649,1.25667,2.89,1.50
2010.12.21 19:36:51.551,1.25647,1.25663,2.25,1.50
2010.12.21 19:36:52.512,1.25647,1.25667,2.51,1.50
2010.12.21 19:36:54.405,1.2565,1.25667,2.14,1.50
2010.12.21 19:37:05.051,1.25649,1.25667,1.50,1.50
2010.12.21 19:37:05.281,1.25646,1.25663,2.14,1.50
2010.12.21 19:37:06.075,1.25646,1.25663,1.88,1.50
2010.12.21 19:37:08.935,1.25646,1.25663,1.50,1.50
2010.12.21 19:37:09.490,1.25646,1.25663,1.88,1.50
2010.12.21 19:37:12.306,1.25646,1.25663,1.88,1.50
2010.12.21 19:37:12.859,1.25646,1.25663,1.88,1.50
2010.12.21 19:37:15.801,1.25646,1.25663,3.75,1.50
2010.12.21 19:37:18.801,1.25646,1.25663,3.75,1.50
2010.12.21 19:37:21.175,1.25646,1.25663,3.75,1.50
2010.12.21 19:37:21.763,1.25647,1.25663,1.88,1.50
2010.12.21 19:37:23.014,1.25647,1.25663,1.88,1.50
2010.12.21 19:37:31.641,1.25647,1.25663,1.88,1.50
2010.12.21 19:37:32.653,1.25646,1.25662,1.88,1.50
2010.12.21 19:37:32.882,1.25642,1.25658,1.88,1.50
2010.12.21 19:37:38.943,1.25644,1.25658,1.88,1.50
2010.12.21 19:37:41.172,1.25644,1.25658,2.25,1.50
2010.12.21 19:37:48.595,1.25643,1.25662,1.88,1.50
2010.12.21 19:37:48.712,1.25642,1.25662,1.50,1.50
2010.12.21 19:37:49.095,1.2564,1.25657,1.50,1.50
2010.12.21 19:37:51.981,1.25638,1.25657,3.00,1.50
2010.12.21 19:37:57.540,1.25638,1.25657,1.88,1.50
2010.12.21 19:37:57.662,1.2564,1.25664,1.88,1.50
2010.12.21 19:37:58.243,1.2564,1.25664,1.88,1.50
2010.12.21 19:38:04.035,1.25637,1.25664,1.50,1.88
2010.12.21 19:38:04.261,1.25637,1.25664,1.50,1.50
2010.12.21 19:38:04.820,1.25638,1.25664,1.88,1.50
2010.12.21 19:38:10.639,1.25638,1.25663,3.38,1.50
2010.12.21 19:38:14.811,1.25638,1.25664,1.88,1.50
2010.12.21 19:38:18.401,1.25637,1.25664,5.25,1.50
2010.12.21 19:38:18.633,1.25637,1.25664,5.25,1.50
2010.12.21 19:38:44.863,1.25645,1.25664,1.88,1.50
2010.12.21 19:38:45.323,1.25642,1.25663,1.88,1.50
2010.12.21 19:38:46.751,1.25643,1.25663,1.88,1.50
2010.12.21 19:38:53.251,1.25643,1.25663,1.50,1.50
2010.12.21 19:39:18.821,1.25642,1.25663,2.14,1.50
2010.12.21 19:39:32.969,1.25645,1.25663,1.50,1.50
2010.12.21 19:39:33.356,1.25648,1.25663,1.88,1.50
2010.12.21 19:39:35.300,1.25644,1.25663,1.50,1.50
2010.12.21 19:39:37.568,1.25646,1.25663,1.88,1.50
2010.12.21 19:39:38.161,1.25643,1.25663,1.88,1.50
2010.12.21 19:39:40.740,1.25648,1.25663,1.88,1.50
2010.12.21 19:39:43.631,1.25644,1.25663,1.88,1.50
2010.12.21 19:39:44.654,1.25647,1.25663,1.88,1.50
2010.12.21 19:39:45.190,1.25644,1.25663,1.88,1.50
2010.12.21 19:39:46.993,1.25646,1.25663,1.50,1.50
2010.12.21 19:39:47.220,1.25648,1.25663,1.88,1.50
2010.12.21 19:39:48.280,1.25647,1.25663,1.12,1.50
2010.12.21 19:39:48.827,1.25647,1.25663,1.12,1.50
2010.12.21 19:39:50.679,1.25647,1.25668,1.12,1.50
2010.12.21 19:40:00.853,1.25646,1.25668,3.75,1.50
2010.12.21 19:40:01.480,1.25644,1.25668,1.88,1.50
2010.12.21 19:40:03.251,1.25644,1.25668,1.88,1.50
2010.12.21 19:40:07.429,1.25644,1.25668,1.88,1.50
2010.12.21 19:40:10.603,1.25644,1.25668,1.50,1.88
2010.12.21 19:40:11.013,1.25642,1.25667,3.00,1.50
2010.12.21 19:40:30.890,1.25642,1.25667,3.38,1.50
2010.12.21 19:40:35.614,1.25645,1.25668,1.88,1.50
2010.12.21 19:40:36.195,1.25644,1.25668,1.50,1.50
2010.12.21 19:40:38.243,1.25644,1.25668,1.88,1.50
2010.12.21 19:40:41.372,1.25644,1.25661,1.88,1.50
2010.12.21 19:40:41.490,1.25642,1.25661,3.38,1.50
2010.12.21 19:40:41.709,1.25642,1.25661,3.38,1.50
2010.12.21 19:41:29.910,1.25641,1.25661,1.50,1.50
2010.12.21 19:41:44.774,1.25642,1.25661,1.50,1.50
2010.12.21 19:41:59.190,1.25642,1.25662,1.50,1.50
2010.12.21 19:42:27.475,1.25637,1.25656,4.01,1.50
2010.12.21 19:42:27.813,1.25643,1.25659,1.01,1.50
2010.12.21 19:42:28.370,1.25643,1.25662,1.01,1.65
2010.12.21 19:42:29.514,1.25643,1.25662,1.01,1.65
2010.12.21 19:42:29.634,1.25643,1.25662,1.01,1.58
2010.12.21 19:42:29.753,1.25639,1.25662,4.76,1.50
2010.12.21 19:42:35.811,1.25639,1.25666,4.76,2.62
2010.12.21 19:42:37.526,1.25639,1.25662,1.50,1.12
2010.12.21 19:42:38.083,1.25637,1.2566,2.51,1.88
2010.12.21 19:42:45.290,1.25637,1.2566,1.01,1.58
2010.12.21 19:42:50.193,1.25637,1.2566,1.01,1.88
2010.12.21 19:42:52.252,1.25637,1.2566,1.01,1.65
2010.12.21 19:42:53.162,1.25637,1.2566,1.01,1.65
2010.12.21 19:42:53.561,1.25637,1.2566,1.01,1.58
2010.12.21 19:42:53.671,1.25637,1.2566,1.01,1.50
2010.12.21 19:42:55.413,1.25637,1.25659,1.01,1.50
2010.12.21 19:42:56.850,1.25637,1.25658,1.01,1.50
2010.12.21 19:43:07.569,1.25637,1.25657,2.51,1.50
2010.12.21 19:43:08.043,1.25637,1.25653,2.51,1.12
2010.12.21 19:43:08.418,1.25637,1.25652,1.50,3.00
2010.12.21 19:43:08.544,1.25634,1.25648,1.50,1.12
2010.12.21 19:43:08.782,1.2563,1.25648,1.50,2.62
2010.12.21 19:43:09.012,1.2563,1.25646,1.50,4.88
2010.12.21 19:43:09.245,1.25609,1.25636,2.13,2.62
2010.12.21 19:43:09.653,1.2561,1.25625,2.13,1.12
2010.12.21 19:43:09.775,1.25605,1.25625,1.88,1.88
2010.12.21 19:43:09.895,1.25605,1.2562,1.88,1.50
2010.12.21 19:43:10.014,1.25602,1.2562,1.50,1.50
2010.12.21 19:43:10.132,1.256,1.2562,1.88,1.50
2010.12.21 19:43:10.969,1.25599,1.2562,1.50,1.50
2010.12.21 19:43:11.597,1.25604,1.2562,1.01,1.50
2010.12.21 19:43:11.828,1.25601,1.2562,1.01,1.50
2010.12.21 19:43:12.613,1.25603,1.25628,1.76,2.62
2010.12.21 19:43:13.134,1.25601,1.25628,1.76,4.12
2010.12.21 19:43:14.722,1.25601,1.25628,1.76,4.12
2010.12.21 19:43:18.190,1.25601,1.25628,1.76,4.12
2010.12.21 19:43:22.584,1.25599,1.25622,1.50,1.50
2010.12.21 19:43:23.252,1.25599,1.25622,1.50,2.62
2010.12.21 19:43:23.813,1.25602,1.25622,1.01,2.62
2010.12.21 19:43:24.309,1.25602,1.25626,1.01,1.88
2010.12.21 19:43:24.753,1.25599,1.25626,2.51,3.00
2010.12.21 19:43:25.093,1.25599,1.25626,2.51,2.62
2010.12.21 19:43:25.973,1.25599,1.25626,2.51,1.88
2010.12.21 19:43:26.541,1.25599,1.25625,2.51,3.00
2010.12.21 19:43:26.658,1.25599,1.25621,1.50,1.12
2010.12.21 19:43:26.883,1.25597,1.2562,1.50,1.88
2010.12.21 19:43:27.113,1.25597,1.2562,2.51,1.50
2010.12.21 19:43:28.711,1.25597,1.25617,1.50,2.25
2010.12.21 19:43:29.079,1.2558,1.25606,1.50,16.88
2010.12.21 19:43:29.195,1.2558,1.25598,1.50,1.50
2010.12.21 19:43:29.947,1.25579,1.25598,1.50,3.75
2010.12.21 19:43:30.283,1.25577,1.25598,1.50,3.38
2010.12.21 19:43:30.842,1.25578,1.25598,1.50,3.75
2010.12.21 19:43:32.115,1.25575,1.25593,1.50,1.50
2010.12.21 19:43:32.243,1.25569,1.25585,1.88,1.50
2010.12.21 19:43:32.473,1.25567,1.25587,1.88,1.12
2010.12.21 19:43:32.702,1.25562,1.25587,1.50,1.12
2010.12.21 19:43:33.375,1.25571,1.25588,1.50,1.88
2010.12.21 19:43:33.747,1.25571,1.25594,1.50,1.88
2010.12.21 19:43:34.313,1.25572,1.25593,4.50,2.25
2010.12.21 19:43:34.543,1.25572,1.25593,5.51,1.88
2010.12.21 19:43:35.636,1.25573,1.25593,1.01,1.88
2010.12.21 19:43:36.782,1.25573,1.25593,1.01,1.95
2010.12.21 19:43:37.126,1.25572,1.25584,1.50,6.00
2010.12.21 19:43:37.245,1.2557,1.2558,1.50,4.50
2010.12.21 19:43:37.586,1.25569,1.25577,1.88,1.50
2010.12.21 19:43:37.708,1.25555,1.25577,1.50,1.50
2010.12.21 19:43:37.937,1.25555,1.25577,1.50,1.39
2010.12.21 19:43:40.052,1.25549,1.25577,3.00,1.39
2010.12.21 19:43:40.722,1.2555,1.25575,1.50,1.50
2010.12.21 19:43:42.540,1.25549,1.25576,1.50,1.88
2010.12.21 19:43:43.084,1.25549,1.25574,1.50,1.50
2010.12.21 19:43:47.004,1.25547,1.25573,1.50,2.25
2010.12.21 19:43:47.234,1.25547,1.25573,1.50,2.62
2010.12.21 19:43:51.796,1.25548,1.25574,1.50,1.88
2010.12.21 19:43:51.922,1.25548,1.25574,1.88,2.62
2010.12.21 19:43:52.286,1.25548,1.25568,1.88,1.12
2010.12.21 19:43:52.791,1.25541,1.25568,3.00,1.12
2010.12.21 19:43:57.041,1.25541,1.25566,1.50,2.62
2010.12.21 19:43:57.592,1.25539,1.25566,1.50,1.88
2010.12.21 19:43:57.702,1.25539,1.25566,1.50,2.62
2010.12.21 19:43:57.967,1.25542,1.25566,1.50,1.88
2010.12.21 19:43:58.471,1.25542,1.25563,1.50,1.50
2010.12.21 19:44:00.402,1.25542,1.25565,1.50,1.50
2010.12.21 19:44:01.520,1.25546,1.25565,1.50,1.50
2010.12.21 19:44:02.612,1.25546,1.25568,1.50,1.50
2010.12.21 19:44:03.514,1.25548,1.25568,1.50,1.50
2010.12.21 19:44:12.757,1.25545,1.25568,1.50,1.50
2010.12.21 19:44:19.301,1.2555,1.25568,1.50,1.50
2010.12.21 19:44:19.521,1.2555,1.2557,1.50,1.50
2010.12.21 19:44:20.074,1.2555,1.25571,1.50,1.50
2010.12.21 19:44:20.896,1.2555,1.25573,1.50,1.50
2010.12.21 19:44:23.937,1.25555,1.25575,1.50,1.88
2010.12.21 19:44:24.056,1.25551,1.25577,1.50,1.50
2010.12.21 19:44:24.174,1.25554,1.25577,1.50,1.50
2010.12.21 19:44:24.762,1.25554,1.25576,1.50,1.50
2010.12.21 19:44:29.113,1.25554,1.25578,1.50,1.50
2010.12.21 19:44:29.539,1.25556,1.25579,1.50,1.50
2010.12.21 19:44:32.481,1.25556,1.2558,1.50,3.38
2010.12.21 19:44:33.934,1.2556,1.25583,1.50,1.50
2010.12.21 19:44:35.832,1.2556,1.25585,1.50,1.88
2010.12.21 19:44:38.312,1.25565,1.25585,1.50,1.50
2010.12.21 19:44:38.436,1.25565,1.25589,1.50,3.00
2010.12.21 19:44:39.037,1.25565,1.25588,1.50,1.50
2010.12.21 19:44:40.501,1.25565,1.25589,1.50,3.00
2010.12.21 19:44:43.272,1.25565,1.25589,2.62,3.00
2010.12.21 19:44:46.322,1.25565,1.25589,2.62,1.50
2010.12.21 19:44:49.811,1.25565,1.25589,1.88,1.50
2010.12.21 19:44:50.518,1.25565,1.25589,2.14,1.50
2010.12.21 19:44:50.743,1.25566,1.25592,1.76,1.50
2010.12.21 19:44:51.301,1.25566,1.25591,1.76,1.50
2010.12.21 19:44:52.071,1.25566,1.25591,1.50,1.50
2010.12.21 19:44:52.833,1.25566,1.25594,1.50,1.88
2010.12.21 19:44:55.505,1.25566,1.25594,3.75,1.88
2010.12.21 19:45:00.675,1.25568,1.25593,1.12,1.50
2010.12.21 19:45:07.742,1.25568,1.25593,1.50,1.50
2010.12.21 19:45:17.558,1.25568,1.25594,1.50,1.50
2010.12.21 19:45:19.378,1.25569,1.25594,1.12,1.50
2010.12.21 19:45:21.875,1.25565,1.25589,2.62,1.50
2010.12.21 19:45:21.998,1.25565,1.25591,3.38,2.62
2010.12.21 19:45:22.115,1.25565,1.25594,3.38,1.88
2010.12.21 19:45:22.557,1.25565,1.25594,2.25,1.88
2010.12.21 19:45:30.072,1.25564,1.25589,2.25,2.25
2010.12.21 19:45:30.538,1.25562,1.25589,1.50,2.25
2010.12.21 19:45:31.082,1.25564,1.25589,1.50,2.25
2010.12.21 19:45:31.207,1.25564,1.25591,1.50,1.88
2010.12.21 19:45:31.326,1.25564,1.25587,1.50,1.12
2010.12.21 19:45:31.449,1.25562,1.25587,1.50,1.12
2010.12.21 19:45:31.566,1.2556,1.25587,1.50,1.12
2010.12.21 19:45:31.686,1.25558,1.25582,1.50,2.25
2010.12.21 19:45:39.091,1.25558,1.25585,3.00,2.62
2010.12.21 19:45:40.791,1.25559,1.25587,1.50,4.88
2010.12.21 19:45:43.326,1.25559,1.25587,3.00,5.25
2010.12.21 19:45:43.448,1.25565,1.25587,1.50,2.25
2010.12.21 19:45:48.161,1.2556,1.25588,1.50,2.62
2010.12.21 19:45:48.276,1.25562,1.25588,1.88,1.88
2010.12.21 19:45:48.612,1.25565,1.25591,1.50,3.38
2010.12.21 19:45:51.936,1.25562,1.25589,1.50,1.88
2010.12.21 19:45:52.491,1.25562,1.25589,1.50,3.75
2010.12.21 19:45:55.348,1.25562,1.25589,1.50,1.50
2010.12.21 19:45:57.608,1.25565,1.2559,1.50,2.25
2010.12.21 19:45:57.821,1.25562,1.2559,3.00,1.88
2010.12.21 19:46:01.871,1.25565,1.25592,1.50,2.62
2010.12.21 19:46:02.257,1.25568,1.25592,1.50,1.12
2010.12.21 19:46:02.615,1.2557,1.25593,1.50,3.00
2010.12.21 19:46:02.733,1.25568,1.25593,3.38,4.50
2010.12.21 19:46:03.406,1.25568,1.25592,1.50,1.12
2010.12.21 19:46:03.741,1.25568,1.25593,1.50,4.50
2010.12.21 19:46:08.340,1.25565,1.25592,1.50,2.62
2010.12.21 19:46:11.121,1.25565,1.25592,1.50,2.62
2010.12.21 19:46:13.991,1.2557,1.25594,1.50,5.89
2010.12.21 19:46:14.213,1.2557,1.25594,2.51,2.25
2010.12.21 19:46:14.773,1.25571,1.25598,1.76,1.88
2010.12.21 19:46:14.893,1.25571,1.25598,1.76,1.88
2010.12.21 19:46:15.734,1.25568,1.25595,3.00,2.25
2010.12.21 19:46:16.401,1.2557,1.25595,1.50,2.25
2010.12.21 19:46:18.751,1.2557,1.25595,1.50,2.25
2010.12.21 19:46:19.912,1.2557,1.25598,1.50,3.00
2010.12.21 19:46:23.783,1.2557,1.25596,1.50,2.62
2010.12.21 19:46:24.342,1.25569,1.25591,1.50,2.25
2010.12.21 19:46:26.494,1.25569,1.25591,1.50,1.88
2010.12.21 19:46:26.723,1.25569,1.25596,1.50,1.12
2010.12.21 19:46:28.443,1.25569,1.25593,1.50,1.88
2010.12.21 19:46:29.039,1.25566,1.25592,1.50,1.12
2010.12.21 19:46:29.153,1.25564,1.25592,1.50,1.12
2010.12.21 19:46:29.388,1.25572,1.25592,1.88,1.12
2010.12.21 19:46:29.626,1.25565,1.25593,1.50,1.12
2010.12.21 19:46:35.445,1.25565,1.25591,1.50,1.50
2010.12.21 19:46:38.535,1.25562,1.25591,1.50,1.88
2010.12.21 19:46:39.322,1.25562,1.25589,1.50,2.25
2010.12.21 19:46:41.960,1.25555,1.25582,3.38,3.75
2010.12.21 19:46:42.855,1.25555,1.25582,1.50,5.25
2010.12.21 19:46:42.976,1.25552,1.25581,3.00,6.38
2010.12.21 19:46:43.571,1.25553,1.2558,1.50,2.25
2010.12.21 19:46:49.959,1.25551,1.25576,1.50,1.88
2010.12.21 19:46:50.292,1.25553,1.25578,1.50,2.62
2010.12.21 19:46:55.807,1.25549,1.25576,1.50,3.38
2010.12.21 19:46:56.884,1.25549,1.25576,1.50,2.25
2010.12.21 19:47:01.440,1.25548,1.25573,1.50,2.25
2010.12.21 19:47:02.282,1.25548,1.25575,1.50,2.25
2010.12.21 19:47:02.513,1.25548,1.25575,1.50,2.25
2010.12.21 19:47:03.726,1.25546,1.25566,1.50,2.25
2010.12.21 19:47:03.848,1.2554,1.2556,1.88,1.88
2010.12.21 19:47:04.185,1.25537,1.25562,1.50,1.50
2010.12.21 19:47:05.222,1.25536,1.25563,1.50,1.88
2010.12.21 19:47:05.343,1.25534,1.25563,1.50,1.50
2010.12.21 19:47:05.902,1.25533,1.25563,3.00,1.50
2010.12.21 19:47:07.241,1.25533,1.25564,3.38,1.12
2010.12.21 19:47:07.576,1.25538,1.25565,1.50,1.88
2010.12.21 19:47:08.692,1.25538,1.25566,1.50,1.88
2010.12.21 19:47:09.132,1.25536,1.25566,1.50,1.88
2010.12.21 19:47:09.692,1.25536,1.25566,1.76,3.75
2010.12.21 19:47:12.490,1.25536,1.25566,1.76,3.75
2010.12.21 19:47:12.603,1.2554,1.25566,1.50,3.75
2010.12.21 19:47:13.428,1.25546,1.25571,1.50,1.50
2010.12.21 19:47:17.693,1.25546,1.25571,1.76,1.50
2010.12.21 19:47:17.815,1.25551,1.25573,1.50,1.50
2010.12.21 19:47:18.233,1.25551,1.25577,1.50,3.38
2010.12.21 19:47:18.354,1.25549,1.25577,1.50,3.38
2010.12.21 19:47:18.912,1.25549,1.25577,1.50,3.38
2010.12.21 19:47:19.921,1.25546,1.25576,1.50,2.62
2010.12.21 19:47:20.254,1.25547,1.25571,1.50,1.50
2010.12.21 19:47:33.203,1.25549,1.25574,1.50,2.62
2010.12.21 19:47:33.765,1.25548,1.25572,1.50,2.25
2010.12.21 19:47:35.352,1.25548,1.25574,1.50,2.62
2010.12.21 19:47:36.615,1.25545,1.25573,3.00,2.25
2010.12.21 19:47:38.563,1.25545,1.25574,3.00,2.62
2010.12.21 19:47:43.176,1.25545,1.25574,1.50,2.62
2010.12.21 19:47:44.814,1.25544,1.25569,1.76,2.62
2010.12.21 19:47:45.043,1.25538,1.25567,3.38,3.38
2010.12.21 19:47:45.601,1.25538,1.25567,1.50,4.88
2010.12.21 19:47:46.782,1.25538,1.25567,1.50,4.88
2010.12.21 19:47:50.285,1.25538,1.25567,1.50,4.50
2010.12.21 19:47:52.153,1.25538,1.25567,1.50,4.88
2010.12.21 19:47:52.591,1.25537,1.25566,1.50,2.25
2010.12.21 19:47:54.692,1.25537,1.25567,1.88,7.12
2010.12.21 19:47:55.334,1.25537,1.25567,1.88,6.38
2010.12.21 19:48:00.755,1.25537,1.25566,1.88,1.50
2010.12.21 19:48:01.533,1.25539,1.25566,1.50,1.50
2010.12.21 19:48:11.850,1.25542,1.25566,1.50,1.50
2010.12.21 19:48:24.464,1.25546,1.25566,1.01,1.50
2010.12.21 19:48:24.599,1.2555,1.25573,1.76,3.38
2010.12.21 19:48:24.933,1.2555,1.25577,1.76,1.88
2010.12.21 19:48:25.608,1.2555,1.25576,1.50,1.50
2010.12.21 19:48:28.245,1.2555,1.2558,1.50,2.25
2010.12.21 19:48:28.487,1.25549,1.25576,1.50,1.88
2010.12.21 19:48:29.977,1.25549,1.25577,1.50,1.88
2010.12.21 19:48:33.643,1.25546,1.25577,1.50,1.88
2010.12.21 19:48:33.765,1.25546,1.25571,1.50,2.25
2010.12.21 19:48:33.885,1.25549,1.25577,1.50,1.50
2010.12.21 19:48:37.532,1.25549,1.25571,1.50,1.88
2010.12.21 19:48:37.862,1.25545,1.25568,3.00,1.88
2010.12.21 19:48:38.303,1.25548,1.25568,1.50,1.88
2010.12.21 19:48:38.422,1.25548,1.25571,1.50,2.25
2010.12.21 19:48:38.542,1.25545,1.25569,3.00,1.88
2010.12.21 19:48:39.537,1.25551,1.25577,1.50,1.88
2010.12.21 19:48:40.442,1.25551,1.25576,1.50,1.50
2010.12.21 19:48:43.903,1.25554,1.25576,1.50,1.50
2010.12.21 19:48:44.253,1.25558,1.25581,1.50,1.88
2010.12.21 19:48:44.812,1.25558,1.25585,1.50,1.88
2010.12.21 19:48:50.722,1.25558,1.25585,1.50,1.88
2010.12.21 19:48:54.364,1.25561,1.25587,1.50,3.75
2010.12.21 19:48:54.595,1.25561,1.25587,1.50,1.88
2010.12.21 19:48:57.765,1.25554,1.25586,3.26,1.88
2010.12.21 19:48:57.883,1.25554,1.25585,3.26,2.62
2010.12.21 19:49:01.134,1.25554,1.25585,3.26,2.25
2010.12.21 19:49:02.274,1.25554,1.25585,3.26,1.88
2010.12.21 19:49:02.392,1.25554,1.25585,3.26,2.25
2010.12.21 19:49:03.635,1.25558,1.25585,1.50,2.25
2010.12.21 19:49:06.465,1.25558,1.25583,1.50,1.12
2010.12.21 19:49:06.586,1.25555,1.25582,1.50,1.88
2010.12.21 19:49:07.143,1.25554,1.25581,1.50,1.88
2010.12.21 19:49:14.903,1.25554,1.25581,1.50,3.00
2010.12.21 19:49:22.318,1.25554,1.25581,1.50,1.88
2010.12.21 19:49:22.742,1.25555,1.25582,2.51,4.88
2010.12.21 19:49:31.463,1.25556,1.25584,1.50,3.00
2010.12.21 19:49:31.803,1.25556,1.2558,1.50,4.50
2010.12.21 19:49:32.035,1.2555,1.25572,1.50,1.50
2010.12.21 19:49:33.695,1.2555,1.25575,1.50,1.50
2010.12.21 19:49:36.353,1.2555,1.25575,2.14,1.76
2010.12.21 19:49:36.583,1.25553,1.25576,1.50,2.51
2010.12.21 19:49:37.090,1.2555,1.25575,1.76,1.76
2010.12.21 19:49:47.701,1.25549,1.2557,2.51,1.50
2010.12.21 19:49:47.926,1.25549,1.2557,1.50,1.76
2010.12.21 19:49:48.049,1.25547,1.25571,2.25,1.01
2010.12.21 19:49:48.274,1.25549,1.25571,1.50,1.01
2010.12.21 19:49:48.853,1.25546,1.2557,1.50,1.76
2010.12.21 19:49:51.267,1.25546,1.25567,1.50,1.39
2010.12.21 19:49:51.397,1.25544,1.25567,1.88,1.39
2010.12.21 19:49:51.743,1.25547,1.25572,1.50,5.14
2010.12.21 19:49:54.632,1.25545,1.2557,1.50,1.50
2010.12.21 19:49:57.031,1.25545,1.25567,1.50,1.01
2010.12.21 19:49:57.146,1.25542,1.25567,1.50,1.01
2010.12.21 19:50:07.783,1.25544,1.25567,1.50,1.12
2010.12.21 19:50:22.842,1.25543,1.25567,1.50,1.12
2010.12.21 19:50:29.532,1.25543,1.25565,1.50,2.25
2010.12.21 19:50:29.765,1.25534,1.25563,1.76,1.12
2010.12.21 19:50:29.889,1.25534,1.25561,1.76,1.50
2010.12.21 19:50:30.217,1.25538,1.25561,1.50,1.50
2010.12.21 19:50:30.346,1.25538,1.25564,1.50,1.88
2010.12.21 19:50:30.902,1.25541,1.25563,1.50,1.50
2010.12.21 19:50:32.434,1.25541,1.25566,1.50,3.75
2010.12.21 19:50:32.553,1.25541,1.25566,1.50,3.75
2010.12.21 19:50:33.442,1.25541,1.25566,1.50,3.75
2010.12.21 19:50:35.521,1.25541,1.25566,1.50,3.38
2010.12.21 19:50:35.745,1.25544,1.25566,2.62,1.50
2010.12.21 19:50:36.345,1.25554,1.25575,1.50,2.62
2010.12.21 19:50:36.903,1.25554,1.25576,1.50,1.50
2010.12.21 19:50:37.463,1.25554,1.25576,1.50,2.25
2010.12.21 19:50:40.712,1.25554,1.25575,1.50,1.76
2010.12.21 19:50:41.262,1.25554,1.25575,1.65,1.76
2010.12.21 19:50:45.124,1.25554,1.25575,1.65,1.76
2010.12.21 19:50:46.175,1.25554,1.25575,1.65,1.76
2010.12.21 19:50:48.733,1.25554,1.25575,1.58,1.76
2010.12.21 19:50:49.185,1.25554,1.25575,1.65,1.76
2010.12.21 19:50:49.551,1.25563,1.25581,27.08,1.88
2010.12.21 19:50:49.953,1.25575,1.256,2.51,1.50
2010.12.21 19:50:50.523,1.25575,1.25601,2.51,3.00
2010.12.21 19:50:51.042,1.25575,1.25601,2.51,3.00
2010.12.21 19:50:53.452,1.25575,1.25601,2.51,1.50
2010.12.21 19:51:00.507,1.25574,1.25601,2.51,1.50
2010.12.21 19:51:03.573,1.25578,1.25601,1.12,1.50
2010.12.21 19:51:03.912,1.25579,1.25601,4.50,1.50
2010.12.21 19:51:04.031,1.25584,1.25608,1.50,1.50
2010.12.21 19:51:05.153,1.25585,1.2561,1.88,1.50
2010.12.21 19:51:07.572,1.25585,1.2561,3.75,1.50
2010.12.21 19:51:08.429,1.25586,1.25612,1.12,1.50
2010.12.21 19:51:11.467,1.25593,1.25612,2.89,1.50
2010.12.21 19:51:11.815,1.25594,1.25616,2.51,1.50
2010.12.21 19:51:12.056,1.25596,1.2562,1.88,1.50
2010.12.21 19:51:12.175,1.25596,1.25617,1.88,1.50
2010.12.21 19:51:14.847,1.25591,1.25612,3.64,1.50
2010.12.21 19:51:14.969,1.25589,1.25612,2.14,1.50
2010.12.21 19:51:16.417,1.25589,1.25612,1.88,1.50
2010.12.21 19:51:17.326,1.25589,1.25611,1.50,1.50
2010.12.21 19:51:17.564,1.25589,1.25609,1.50,1.50
2010.12.21 19:51:18.781,1.25589,1.25612,1.88,1.50
2010.12.21 19:51:19.662,1.25587,1.25612,1.88,1.50
2010.12.21 19:51:20.753,1.25586,1.25612,2.62,1.50
2010.12.21 19:51:20.882,1.25587,1.25614,2.25,1.50
2010.12.21 19:51:21.543,1.25587,1.25614,2.25,1.50
2010.12.21 19:51:22.696,1.25591,1.25614,3.26,1.50
2010.12.21 19:51:22.940,1.25599,1.2562,1.88,1.50
2010.12.21 19:51:23.463,1.25597,1.25621,3.00,3.00
2010.12.21 19:51:23.584,1.25597,1.25618,3.00,1.50
2010.12.21 19:51:24.143,1.25597,1.25618,3.00,1.50
2010.12.21 19:51:25.573,1.25597,1.25618,2.62,1.50
2010.12.21 19:51:26.187,1.25593,1.25618,4.76,1.50
2010.12.21 19:51:26.763,1.25595,1.25618,2.14,1.50
2010.12.21 19:51:30.453,1.25595,1.25621,2.14,1.50
2010.12.21 19:51:30.576,1.25595,1.25621,2.14,1.50
2010.12.21 19:51:30.804,1.25595,1.25618,1.76,1.50
2010.12.21 19:51:47.843,1.25595,1.25617,1.76,1.50
2010.12.21 19:51:48.441,1.25595,1.25616,1.50,1.50
2010.12.21 19:51:48.667,1.25588,1.25609,1.88,1.50
2010.12.21 19:51:48.784,1.25588,1.25607,1.88,1.50
2010.12.21 19:51:48.903,1.25584,1.25607,1.88,1.50
2010.12.21 19:51:49.284,1.25581,1.25605,1.50,1.50
2010.12.21 19:51:49.410,1.25579,1.25602,1.76,1.50
2010.12.21 19:51:49.743,1.25581,1.25605,1.76,1.50
2010.12.21 19:51:50.707,1.25585,1.25605,1.88,1.50
2010.12.21 19:51:52.527,1.25583,1.25608,2.51,1.50
2010.12.21 19:51:53.193,1.25583,1.25606,1.01,1.50
2010.12.21 19:51:53.315,1.25581,1.25606,1.88,1.50
2010.12.21 19:51:53.910,1.25581,1.25606,1.76,1.50
2010.12.21 19:52:05.356,1.25579,1.25603,1.01,1.88
2010.12.21 19:52:05.481,1.25574,1.25598,1.88,1.50
2010.12.21 19:52:06.015,1.25572,1.25598,3.64,1.50
2010.12.21 19:52:06.606,1.25575,1.25598,3.26,1.50
2010.12.21 19:52:07.002,1.25585,1.25604,1.01,1.50
2010.12.21 19:52:07.116,1.2559,1.25609,2.25,1.88
2010.12.21 19:52:07.748,1.25586,1.25611,1.88,1.50
2010.12.21 19:52:08.084,1.25588,1.25611,1.50,1.50
2010.12.21 19:52:08.571,1.25586,1.25608,1.88,1.50
2010.12.21 19:52:08.915,1.25585,1.25606,1.50,1.50
2010.12.21 19:52:09.040,1.25586,1.25608,1.88,1.50
2010.12.21 19:52:09.666,1.25587,1.25608,1.88,1.50
2010.12.21 19:52:09.788,1.25589,1.25608,1.50,1.50
2010.12.21 19:52:10.325,1.25586,1.25607,1.88,1.50
2010.12.21 19:52:14.334,1.25588,1.25611,1.88,1.50
2010.12.21 19:52:14.674,1.25589,1.25609,1.50,1.50
2010.12.21 19:52:14.795,1.25584,1.25609,2.51,1.50
2010.12.21 19:52:14.916,1.25582,1.25607,1.88,1.50
2010.12.21 19:52:16.792,1.25582,1.25607,2.14,1.50
2010.12.21 19:52:19.766,1.25588,1.25607,2.25,1.50
2010.12.21 19:52:19.886,1.2559,1.2561,4.12,1.50
2010.12.21 19:52:20.006,1.25593,1.2561,1.88,1.50
2010.12.21 19:52:20.303,1.25593,1.25614,1.88,1.50
2010.12.21 19:52:23.625,1.25593,1.25613,1.88,1.50
2010.12.21 19:52:24.029,1.25588,1.25613,1.50,1.50
2010.12.21 19:52:25.552,1.25587,1.25613,1.88,1.50
2010.12.21 19:52:25.678,1.25586,1.25608,1.76,1.50
2010.12.21 19:52:26.233,1.25586,1.25602,1.76,1.50
2010.12.21 19:52:26.588,1.25579,1.25596,1.88,20.06
2010.12.21 19:52:26.707,1.25578,1.25587,1.88,1.01
2010.12.21 19:52:26.826,1.25575,1.25589,1.88,1.12
2010.12.21 19:52:27.291,1.25556,1.25584,1.50,1.88
2010.12.21 19:52:27.404,1.2556,1.25584,1.50,1.88
2010.12.21 19:52:27.963,1.2556,1.25584,1.50,1.88
2010.12.21 19:52:28.303,1.25558,1.25584,1.50,1.88
2010.12.21 19:52:29.099,1.25557,1.25584,1.50,1.88
2010.12.21 19:52:29.672,1.25557,1.25584,1.50,1.88
2010.12.21 19:52:35.875,1.25557,1.25583,1.50,2.25
2010.12.21 19:52:36.436,1.25557,1.25583,1.50,2.25
2010.12.21 19:52:36.833,1.25555,1.25583,1.76,2.25
2010.12.21 19:52:37.173,1.25554,1.2558,1.50,2.25
2010.12.21 19:52:37.774,1.25556,1.2558,2.25,3.00
2010.12.21 19:52:38.345,1.25556,1.2558,2.25,1.12
2010.12.21 19:52:42.584,1.25556,1.25579,2.25,1.88
2010.12.21 19:52:42.925,1.25556,1.2558,2.51,1.12
2010.12.21 19:52:43.466,1.25557,1.25582,2.25,1.88
2010.12.21 19:52:45.084,1.25557,1.25582,2.25,1.12
2010.12.21 19:52:45.659,1.25556,1.25581,2.25,4.50
2010.12.21 19:52:46.252,1.25556,1.25579,2.25,2.62
2010.12.21 19:52:53.493,1.25555,1.25579,1.50,1.50
2010.12.21 19:52:53.615,1.25553,1.25577,1.76,1.88
2010.12.21 19:52:53.733,1.25556,1.25577,2.25,1.88
2010.12.21 19:52:57.075,1.25556,1.25574,2.25,2.25
2010.12.21 19:52:57.194,1.25551,1.25574,2.51,2.25
2010.12.21 19:52:57.536,1.25556,1.25575,2.25,1.88
2010.12.21 19:52:57.891,1.25556,1.25576,2.25,1.12
2010.12.21 19:53:01.454,1.25552,1.25573,1.50,1.12
2010.12.21 19:53:02.025,1.2556,1.25579,2.25,3.38
2010.12.21 19:53:02.563,1.25565,1.25585,2.25,1.88
2010.12.21 19:53:03.838,1.25558,1.25585,3.22,1.88
2010.12.21 19:53:04.361,1.25558,1.25583,2.25,1.50
2010.12.21 19:53:10.304,1.25558,1.25583,2.25,2.25
2010.12.21 19:53:10.894,1.25557,1.25578,2.25,1.88
2010.12.21 19:53:13.144,1.25557,1.25578,2.25,2.62
2010.12.21 19:53:16.884,1.25563,1.25584,2.25,1.88
2010.12.21 19:53:17.499,1.25571,1.2559,2.25,1.50
2010.12.21 19:53:18.613,1.25567,1.2559,3.22,1.50
2010.12.21 19:53:18.736,1.25567,1.2559,2.25,1.88
2010.12.21 19:53:19.186,1.25571,1.25589,2.25,1.50
2010.12.21 19:53:23.119,1.25567,1.25584,1.50,1.50
2010.12.21 19:53:23.731,1.25566,1.25583,2.25,1.50
2010.12.21 19:53:26.968,1.25566,1.25579,2.25,1.88
2010.12.21 19:53:27.096,1.25557,1.25577,1.88,1.12
2010.12.21 19:53:27.215,1.25555,1.25578,1.50,1.12
2010.12.21 19:53:30.471,1.25552,1.25577,3.75,2.62
2010.12.21 19:53:40.342,1.25552,1.25575,2.25,1.50
2010.12.21 19:53:40.684,1.25551,1.25573,1.50,1.88
2010.12.21 19:53:43.641,1.25551,1.25573,1.50,1.50
2010.12.21 19:53:43.861,1.25551,1.25573,1.50,1.88
2010.12.21 19:53:45.162,1.25551,1.25573,1.50,1.88
2010.12.21 19:53:45.725,1.25551,1.25573,1.50,1.88
2010.12.21 19:53:46.523,1.2555,1.25567,2.25,1.50
2010.12.21 19:53:47.872,1.2555,1.25565,2.25,1.50
2010.12.21 19:53:51.633,1.2555,1.25571,2.51,1.88
2010.12.21 19:53:52.250,1.25551,1.25571,3.00,1.88
2010.12.21 19:53:54.105,1.2555,1.25566,3.75,1.50
2010.12.21 19:53:55.874,1.25552,1.25566,2.25,1.50
2010.12.21 19:53:58.086,1.25552,1.25566,2.51,1.50
2010.12.21 19:53:58.425,1.25552,1.2557,2.25,1.50
2010.12.21 19:53:58.931,1.25553,1.2557,1.76,1.50
2010.12.21 19:54:02.262,1.25551,1.2557,2.25,1.50
2010.12.21 19:54:03.565,1.25557,1.2557,2.25,1.50
2010.12.21 19:54:03.795,1.25555,1.2557,2.25,1.50
2010.12.21 19:54:05.467,1.25552,1.2557,1.50,1.50
2010.12.21 19:54:06.125,1.25556,1.2557,2.25,1.50
2010.12.21 19:54:06.250,1.25552,1.2557,1.50,1.50
2010.12.21 19:54:13.847,1.25552,1.25565,2.25,1.50
2010.12.21 19:54:20.445,1.25558,1.25565,2.25,1.50
2010.12.21 19:54:20.795,1.25563,1.2558,2.51,1.88
2010.12.21 19:54:21.353,1.25568,1.25581,2.25,1.50
2010.12.21 19:54:22.344,1.25568,1.2558,2.25,1.50
2010.12.21 19:54:22.902,1.25567,1.2558,2.25,1.50
2010.12.21 19:54:30.574,1.25563,1.25581,2.25,1.50
2010.12.21 19:54:30.969,1.25563,1.25581,1.01,1.50
2010.12.21 19:54:31.092,1.25569,1.25586,2.25,1.50
2010.12.21 19:54:31.206,1.25569,1.25593,4.12,1.50
2010.12.21 19:54:31.762,1.25569,1.25594,5.47,1.50
2010.12.21 19:54:34.043,1.2557,1.25594,1.50,1.50
2010.12.21 19:54:36.365,1.25574,1.25594,4.50,1.50
2010.12.21 19:54:36.490,1.25575,1.25597,2.85,1.50
2010.12.21 19:54:36.609,1.25582,1.25596,2.25,1.50
2010.12.21 19:54:38.648,1.25578,1.25596,1.88,1.50
2010.12.21 19:54:40.962,1.25577,1.25596,4.12,1.50
2010.12.21 19:54:50.383,1.25577,1.25596,4.12,1.50
2010.12.21 19:54:52.223,1.25577,1.25597,4.12,1.50
2010.12.21 19:54:53.837,1.25577,1.25596,3.75,1.50
2010.12.21 19:54:57.731,1.25577,1.25594,3.75,1.50
2010.12.21 19:54:58.066,1.25576,1.25591,2.25,1.50
2010.12.21 19:55:00.524,1.25577,1.25591,2.25,1.50
2010.12.21 19:55:01.185,1.25577,1.25592,2.25,1.50
2010.12.21 19:55:09.105,1.25571,1.25591,4.01,1.88
2010.12.21 19:55:09.582,1.25571,1.25586,2.51,1.50
2010.12.21 19:55:12.108,1.25571,1.25587,2.51,1.50
2010.12.21 19:55:18.595,1.25576,1.25591,1.01,1.50
2010.12.21 19:55:20.217,1.25576,1.25591,2.25,1.50
2010.12.21 19:55:28.616,1.25583,1.25591,2.25,1.50
2010.12.21 19:55:28.845,1.25585,1.25606,1.01,3.38
2010.12.21 19:55:29.383,1.25587,1.25605,1.76,1.50
2010.12.21 19:55:30.157,1.25587,1.25605,1.50,1.50
2010.12.21 19:55:38.306,1.25581,1.25602,2.51,1.50
2010.12.21 19:55:38.537,1.2558,1.25601,4.12,3.00
2010.12.21 19:55:38.655,1.25582,1.25596,2.25,1.50
2010.12.21 19:55:38.885,1.25582,1.25601,2.51,1.50
2010.12.21 19:55:39.227,1.25582,1.25596,3.75,1.50
2010.12.21 19:55:39.622,1.25578,1.25596,2.25,1.50
2010.12.21 19:55:44.936,1.25577,1.25599,2.25,1.50
2010.12.21 19:55:45.055,1.25577,1.25597,2.25,1.50
2010.12.21 19:55:50.749,1.25577,1.25596,2.25,1.50
2010.12.21 19:55:50.882,1.2558,1.25604,2.14,1.50
2010.12.21 19:55:52.103,1.25579,1.25604,4.12,1.50
2010.12.21 19:55:53.292,1.25581,1.25604,1.88,1.50
2010.12.21 19:55:53.532,1.2558,1.25597,1.50,1.50
2010.12.21 19:55:53.651,1.25578,1.25597,4.01,1.50
2010.12.21 19:55:53.766,1.25583,1.25601,2.25,1.50
2010.12.21 19:56:22.037,1.2559,1.25601,2.25,1.50
2010.12.21 19:56:22.637,1.25591,1.25608,2.25,1.50
2010.12.21 19:56:22.764,1.25587,1.25607,4.01,1.50
2010.12.21 19:56:23.006,1.25591,1.25607,2.25,1.50
2010.12.21 19:56:23.453,1.25591,1.25611,2.51,1.50
2010.12.21 19:56:23.924,1.25586,1.25602,2.25,1.50
2010.12.21 19:56:26.323,1.25586,1.25607,2.25,1.50
2010.12.21 19:56:26.446,1.25596,1.25611,2.25,1.50
2010.12.21 19:56:28.007,1.25596,1.25603,2.25,1.50
2010.12.21 19:56:28.131,1.25587,1.25601,2.51,1.50
2010.12.21 19:56:34.757,1.25589,1.25601,1.24,1.50
2010.12.21 19:56:35.170,1.25598,1.25616,3.26,1.88
2010.12.21 19:56:35.291,1.25602,1.25621,2.51,1.50
2010.12.21 19:56:37.181,1.25602,1.25619,2.51,1.50
2010.12.21 19:56:37.299,1.256,1.25619,2.51,1.50
2010.12.21 19:56:37.672,1.25596,1.25611,2.25,1.50
2010.12.21 19:56:42.655,1.25597,1.25611,2.25,1.50
2010.12.21 19:56:44.847,1.25591,1.25604,3.75,1.50
2010.12.21 19:56:44.968,1.25587,1.25601,2.25,1.50
2010.12.21 19:56:45.090,1.25589,1.25601,2.25,1.50
2010.12.21 19:56:45.594,1.25592,1.25601,2.25,1.50
2010.12.21 19:56:45.722,1.25592,1.25607,2.25,1.50
2010.12.21 19:56:49.760,1.25588,1.25604,2.25,1.50
2010.12.21 19:56:50.104,1.25586,1.25602,2.25,1.50
2010.12.21 19:56:51.644,1.25586,1.256,2.25,1.50
2010.12.21 19:56:57.256,1.25586,1.25599,2.25,1.50
2010.12.21 19:57:01.633,1.25581,1.25597,2.25,1.50
2010.12.21 19:57:03.787,1.2558,1.25597,2.25,1.50
2010.12.21 19:57:04.127,1.25582,1.25597,2.25,1.50
2010.12.21 19:57:05.957,1.25582,1.25601,2.25,2.89
2010.12.21 19:57:06.091,1.2558,1.25598,2.25,1.50
2010.12.21 19:57:06.423,1.25581,1.25595,2.25,1.50
2010.12.21 19:57:14.753,1.25581,1.25597,2.25,1.50
2010.12.21 19:57:21.074,1.25581,1.256,2.25,2.25
2010.12.21 19:57:21.305,1.25581,1.25601,3.26,3.38
2010.12.21 19:57:21.691,1.25585,1.25601,2.25,1.50
2010.12.21 19:57:22.023,1.25585,1.25599,2.25,1.50
2010.12.21 19:57:44.593,1.25585,1.25599,2.51,1.50
2010.12.21 19:57:44.718,1.25591,1.25606,2.25,1.50
2010.12.21 19:58:03.987,1.25591,1.25601,2.25,1.50
2010.12.21 19:58:04.105,1.25586,1.25601,2.25,1.50
2010.12.21 19:58:05.855,1.25586,1.25598,2.25,1.50
2010.12.21 19:58:06.711,1.25583,1.25598,1.50,1.50
2010.12.21 19:58:07.066,1.25585,1.25601,2.25,1.88
2010.12.21 19:58:07.187,1.25585,1.25598,2.25,1.50
2010.12.21 19:58:08.535,1.25582,1.25598,2.25,1.50
2010.12.21 19:58:09.039,1.25582,1.25597,2.25,1.50
2010.12.21 19:58:14.438,1.25582,1.25593,2.25,1.50
2010.12.21 19:58:14.663,1.25578,1.25593,3.75,1.50
2010.12.21 19:58:38.607,1.25579,1.25593,1.50,1.50
2010.12.21 19:58:39.335,1.25579,1.25592,1.50,1.50
2010.12.21 19:58:42.528,1.25578,1.25591,2.25,1.50
2010.12.21 19:58:42.646,1.25576,1.25591,2.25,1.50
2010.12.21 19:58:43.106,1.25574,1.25591,1.50,4.39
2010.12.21 19:58:43.444,1.25568,1.25585,6.64,1.50
2010.12.21 19:58:44.760,1.25569,1.25585,1.76,1.88
2010.12.21 19:58:45.271,1.25568,1.25577,2.25,1.50
2010.12.21 19:58:45.396,1.25559,1.25576,2.51,1.50
2010.12.21 19:59:04.392,1.25559,1.25577,2.51,1.50
2010.12.21 19:59:05.599,1.25561,1.25577,2.25,1.50
2010.12.21 19:59:06.057,1.25563,1.25583,2.51,4.12
2010.12.21 19:59:06.987,1.25563,1.25582,2.25,1.50
2010.12.21 19:59:09.114,1.25562,1.25582,1.50,1.88
2010.12.21 19:59:09.345,1.25561,1.25579,2.25,1.50
2010.12.21 19:59:09.879,1.25561,1.25578,2.25,1.50
2010.12.21 19:59:10.107,1.25563,1.25582,2.25,3.00
2010.12.21 19:59:12.574,1.25561,1.25578,2.25,3.00
2010.12.21 19:59:15.995,1.25561,1.25577,2.25,1.50
2010.12.21 19:59:18.474,1.25558,1.25577,1.50,1.50
2010.12.21 19:59:18.595,1.25557,1.25573,2.25,1.50
2010.12.21 19:59:18.936,1.25557,1.25567,2.25,1.50
2010.12.21 19:59:19.058,1.25545,1.25562,1.50,1.50
2010.12.21 19:59:19.563,1.25544,1.25558,1.50,1.50
2010.12.21 19:59:21.481,1.25544,1.25558,2.25,1.50
2010.12.21 19:59:24.538,1.25546,1.25558,1.50,1.50
2010.12.21 19:59:25.865,1.25551,1.25558,1.50,1.50
2010.12.21 19:59:26.094,1.25551,1.25567,3.75,2.25
2010.12.21 19:59:26.653,1.25551,1.25567,3.75,1.50
2010.12.21 19:59:28.631,1.25547,1.25562,1.50,1.50
2010.12.21 19:59:29.788,1.25547,1.25568,2.51,5.62
2010.12.21 19:59:30.028,1.25551,1.25568,2.25,1.50
2010.12.21 19:59:33.463,1.25551,1.25567,2.25,1.01
2010.12.21 19:59:33.587,1.25548,1.25563,1.50,1.50
2010.12.21 19:59:34.143,1.25547,1.25563,2.25,1.50
2010.12.21 19:59:34.379,1.25554,1.25563,2.51,1.50
2010.12.21 19:59:34.496,1.25556,1.25572,2.25,1.50
2010.12.21 19:59:34.965,1.25552,1.25567,3.75,1.50
2010.12.21 19:59:38.455,1.25552,1.25566,3.75,1.01
2010.12.21 19:59:38.798,1.25546,1.25563,2.25,1.50
2010.12.21 19:59:41.007,1.25548,1.25563,1.01,1.50
2010.12.21 19:59:41.131,1.25551,1.25568,2.25,1.50
2010.12.21 19:59:42.526,1.25551,1.25568,2.25,2.25
2010.12.21 19:59:42.868,1.25551,1.25567,2.25,1.01
2010.12.21 19:59:43.246,1.25551,1.25565,1.01,1.50
2010.12.21 19:59:43.378,1.25551,1.25572,2.25,2.89
2010.12.21 19:59:43.494,1.25551,1.25567,2.25,1.50
2010.12.21 19:59:48.233,1.25551,1.25558,2.25,1.50
2010.12.21 19:59:48.484,1.25536,1.25557,2.25,4.39
2010.12.21 19:59:48.610,1.25533,1.25547,1.50,1.50
2010.12.21 19:59:49.101,1.25528,1.25547,3.26,1.50
2010.12.21 19:59:49.338,1.25532,1.25547,1.88,1.50
2010.12.21 19:59:49.576,1.25534,1.25553,3.75,1.50
2010.12.21 19:59:50.057,1.25532,1.25547,3.75,1.50
2010.12.21 19:59:50.180,1.25537,1.25557,1.50,1.50
2010.12.21 19:59:50.302,1.25541,1.25557,2.25,1.50
2010.12.21 19:59:51.933,1.25539,1.25557,1.50,1.50
2010.12.21 19:59:55.707,1.25542,1.25557,2.25,1.50
2010.12.21 19:59:56.466,1.25541,1.25563,4.12,1.50
2010.12.21 19:59:57.024,1.25541,1.25564,4.12,1.50
2010.12.21 19:59:57.579,1.25542,1.25564,1.88,1.50
