2016.09.13 15:00:00.188,1.09469,1.09479,1.00,3.00
2016.09.13 15:00:00.239,1.09467,1.09479,1.87,1.87
2016.09.13 15:00:00.290,1.09467,1.09479,1.87,1.87
2016.09.13 15:00:00.342,1.09467,1.09478,1.12,1.00
2016.09.13 15:00:00.444,1.09467,1.09479,1.12,1.50
2016.09.13 15:00:00.547,1.09466,1.09479,2.62,3.37
2016.09.13 15:00:00.785,1.09466,1.09479,2.62,3.37
2016.09.13 15:00:00.888,1.09466,1.09479,1.50,3.37
2016.09.13 15:00:00.939,1.09465,1.09477,2.51,1.30
2016.09.13 15:00:00.990,1.09465,1.09477,1.01,1.72
2016.09.13 15:00:01.042,1.09463,1.09476,2.32,1.72
2016.09.13 15:00:01.094,1.09462,1.09475,4.69,1.00
2016.09.13 15:00:01.145,1.09462,1.09475,2.00,1.72
2016.09.13 15:00:01.196,1.09461,1.09474,4.39,1.00
2016.09.13 15:00:01.248,1.09461,1.09473,2.32,1.00
2016.09.13 15:00:01.477,1.0946,1.09473,3.94,1.72
2016.09.13 15:00:01.528,1.0946,1.09473,3.94,1.72
2016.09.13 15:00:01.579,1.09461,1.09473,1.50,1.72
2016.09.13 15:00:01.681,1.09461,1.09473,1.50,1.30
2016.09.13 15:00:01.784,1.0946,1.09473,3.19,1.72
2016.09.13 15:00:01.836,1.0946,1.09473,3.19,1.72
2016.09.13 15:00:02.054,1.0946,1.09473,3.19,2.10
2016.09.13 15:00:02.107,1.09461,1.09471,1.50,1.00
2016.09.13 15:00:02.159,1.09458,1.09469,3.64,1.30
2016.09.13 15:00:02.211,1.09458,1.09469,1.76,1.30
2016.09.13 15:00:02.264,1.09458,1.0947,2.00,1.30
2016.09.13 15:00:02.316,1.09457,1.0947,5.81,1.72
2016.09.13 15:00:02.367,1.09457,1.09468,5.81,1.30
2016.09.13 15:00:02.523,1.09457,1.09468,5.06,1.30
2016.09.13 15:00:02.575,1.09457,1.09468,3.56,1.30
2016.09.13 15:00:02.728,1.09457,1.09468,1.75,1.30
2016.09.13 15:00:02.780,1.09457,1.09468,1.50,1.30
2016.09.13 15:00:02.831,1.09461,1.09467,1.00,1.00
2016.09.13 15:00:03.740,1.09462,1.09467,1.00,1.00
2016.09.13 15:00:04.069,1.09461,1.09467,1.00,1.72
2016.09.13 15:00:04.275,1.09461,1.09467,1.00,1.00
2016.09.13 15:00:04.330,1.09458,1.09464,1.50,1.00
2016.09.13 15:00:04.381,1.09457,1.09463,2.44,1.00
2016.09.13 15:00:04.516,1.09457,1.09463,2.25,2.47
2016.09.13 15:00:04.568,1.09454,1.09458,2.62,1.00
2016.09.13 15:00:04.621,1.09452,1.09458,2.10,1.00
2016.09.13 15:00:04.672,1.09452,1.09457,1.60,1.00
2016.09.13 15:00:04.723,1.09453,1.09458,1.00,1.00
2016.09.13 15:00:04.825,1.09452,1.09458,1.50,1.00
2016.09.13 15:00:04.876,1.09453,1.09459,1.00,1.00
2016.09.13 15:00:05.395,1.09452,1.09458,1.00,1.00
2016.09.13 15:00:05.901,1.09451,1.09457,1.00,1.00
2016.09.13 15:00:06.210,1.09449,1.09455,1.00,1.00
2016.09.13 15:00:06.532,1.09455,1.09461,1.00,1.75
2016.09.13 15:00:06.584,1.09455,1.09461,1.00,1.50
2016.09.13 15:00:06.687,1.09455,1.09461,1.00,1.00
2016.09.13 15:00:06.842,1.09453,1.09458,1.12,1.00
2016.09.13 15:00:06.893,1.09451,1.09457,1.50,1.00
2016.09.13 15:00:06.995,1.09449,1.09455,1.00,1.00
2016.09.13 15:00:07.346,1.09451,1.09457,1.00,1.00
2016.09.13 15:00:07.883,1.0945,1.09456,1.00,1.00
2016.09.13 15:00:08.195,1.0945,1.09456,1.00,2.10
2016.09.13 15:00:08.246,1.09448,1.09455,1.00,1.00
2016.09.13 15:00:08.611,1.09447,1.09453,1.00,1.00
2016.09.13 15:00:08.917,1.09445,1.09451,1.00,1.00
2016.09.13 15:00:09.071,1.09449,1.09455,1.00,3.60
2016.09.13 15:00:09.123,1.09449,1.09454,1.00,1.00
2016.09.13 15:00:09.174,1.09449,1.09457,1.00,1.75
2016.09.13 15:00:09.366,1.09449,1.09458,1.00,4.50
2016.09.13 15:00:09.418,1.09451,1.09457,1.00,1.50
2016.09.13 15:00:09.520,1.09451,1.09457,1.00,1.00
2016.09.13 15:00:09.571,1.09454,1.0946,1.00,4.50
2016.09.13 15:00:09.673,1.09455,1.09459,1.00,1.00
2016.09.13 15:00:09.724,1.09453,1.09459,1.00,1.50
2016.09.13 15:00:09.826,1.09453,1.09459,1.00,1.12
2016.09.13 15:00:10.060,1.09453,1.09459,1.00,1.00
2016.09.13 15:00:10.333,1.09454,1.0946,1.00,3.37
2016.09.13 15:00:10.384,1.09454,1.0946,1.00,1.12
2016.09.13 15:00:10.794,1.09456,1.09462,1.00,1.75
2016.09.13 15:00:10.849,1.09456,1.09462,1.00,1.50
2016.09.13 15:00:10.900,1.09453,1.09459,1.00,1.00
2016.09.13 15:00:11.261,1.09454,1.0946,1.00,1.12
2016.09.13 15:00:11.642,1.09453,1.09459,1.00,1.00
2016.09.13 15:00:11.948,1.09451,1.09457,1.00,1.00
2016.09.13 15:00:13.072,1.09446,1.09452,1.87,1.00
2016.09.13 15:00:13.123,1.09446,1.09452,1.12,1.00
2016.09.13 15:00:13.175,1.09445,1.09449,1.00,1.00
2016.09.13 15:00:13.226,1.09445,1.0945,1.50,1.00
2016.09.13 15:00:13.278,1.09445,1.09449,1.00,1.00
2016.09.13 15:00:13.330,1.09443,1.09449,1.00,1.00
2016.09.13 15:00:13.687,1.09439,1.09445,1.12,1.00
2016.09.13 15:00:13.804,1.09439,1.09445,1.00,1.00
2016.09.13 15:00:14.362,1.09441,1.09447,1.00,1.12
2016.09.13 15:00:14.415,1.09442,1.09448,1.00,1.50
2016.09.13 15:00:14.518,1.0944,1.09446,1.00,1.00
2016.09.13 15:00:14.672,1.0944,1.09447,1.00,1.12
2016.09.13 15:00:14.723,1.0944,1.09447,1.00,1.00
2016.09.13 15:00:15.050,1.09441,1.09448,1.00,1.12
2016.09.13 15:00:15.101,1.0944,1.09446,1.00,1.00
2016.09.13 15:00:15.204,1.0944,1.09446,1.00,1.00
2016.09.13 15:00:15.255,1.09441,1.09447,1.00,1.00
2016.09.13 15:00:15.563,1.09438,1.09444,1.00,1.00
2016.09.13 15:00:16.051,1.09441,1.09448,1.00,1.75
2016.09.13 15:00:16.102,1.09441,1.09447,1.00,1.50
2016.09.13 15:00:16.204,1.09442,1.09448,1.00,1.75
2016.09.13 15:00:16.256,1.0944,1.09446,1.00,1.12
2016.09.13 15:00:16.482,1.09439,1.09445,1.00,1.00
2016.09.13 15:00:16.993,1.09438,1.09444,1.00,1.00
2016.09.13 15:00:17.258,1.0944,1.09446,1.00,1.12
2016.09.13 15:00:17.309,1.09439,1.09445,1.00,1.00
2016.09.13 15:00:18.207,1.09436,1.09442,1.00,1.00
2016.09.13 15:00:18.512,1.09438,1.09444,1.00,1.00
2016.09.13 15:00:19.020,1.09437,1.09443,1.00,1.00
2016.09.13 15:00:19.646,1.09439,1.09445,1.00,1.12
2016.09.13 15:00:19.750,1.09439,1.09445,1.00,1.00
2016.09.13 15:00:20.301,1.09438,1.09444,1.00,1.00
2016.09.13 15:00:20.353,1.09441,1.09447,1.00,1.12
2016.09.13 15:00:20.458,1.0944,1.09446,1.00,1.00
2016.09.13 15:00:21.013,1.09441,1.09447,1.00,1.00
2016.09.13 15:00:22.098,1.09441,1.09446,1.00,1.00
2016.09.13 15:00:22.320,1.09441,1.09447,1.00,1.50
2016.09.13 15:00:22.372,1.09435,1.09441,1.00,1.00
2016.09.13 15:00:22.481,1.09434,1.0944,2.62,1.00
2016.09.13 15:00:22.533,1.09434,1.09439,1.00,1.00
2016.09.13 15:00:22.788,1.09431,1.09437,1.00,1.00
2016.09.13 15:00:23.377,1.09431,1.09436,1.00,1.00
2016.09.13 15:00:23.761,1.09434,1.0944,1.00,1.50
2016.09.13 15:00:23.813,1.09432,1.09438,1.00,1.00
2016.09.13 15:00:23.966,1.0943,1.09435,2.25,1.00
2016.09.13 15:00:24.018,1.09434,1.0944,1.00,1.00
2016.09.13 15:00:24.325,1.09431,1.09436,1.12,1.00
2016.09.13 15:00:24.389,1.09432,1.09438,1.00,1.12
2016.09.13 15:00:24.441,1.09434,1.0944,1.00,1.12
2016.09.13 15:00:24.543,1.09434,1.0944,1.00,1.00
2016.09.13 15:00:25.084,1.09433,1.09439,1.00,1.00
2016.09.13 15:00:25.859,1.09434,1.0944,1.00,1.00
2016.09.13 15:00:26.223,1.09432,1.09438,1.00,1.00
2016.09.13 15:00:26.274,1.09432,1.09438,1.12,1.00
2016.09.13 15:00:26.325,1.09431,1.09437,1.50,1.00
2016.09.13 15:00:26.378,1.09431,1.09436,1.00,1.00
2016.09.13 15:00:26.545,1.0943,1.09436,1.12,1.00
2016.09.13 15:00:26.596,1.0943,1.09435,1.00,1.00
2016.09.13 15:00:26.700,1.09431,1.09437,1.00,1.00
2016.09.13 15:00:26.802,1.09433,1.09439,1.00,1.12
2016.09.13 15:00:26.853,1.09433,1.09439,1.00,1.00
2016.09.13 15:00:27.108,1.09433,1.09439,1.00,1.00
2016.09.13 15:00:27.299,1.09434,1.0944,1.00,1.00
2016.09.13 15:00:27.660,1.09435,1.09441,1.00,1.12
2016.09.13 15:00:27.993,1.09436,1.09442,1.00,1.00
2016.09.13 15:00:28.148,1.09431,1.09437,1.50,1.00
2016.09.13 15:00:28.251,1.09431,1.09437,1.00,1.00
2016.09.13 15:00:28.859,1.09432,1.09438,1.00,1.00
2016.09.13 15:00:29.355,1.09431,1.09437,1.00,1.00
2016.09.13 15:00:29.409,1.09432,1.09438,1.00,1.00
2016.09.13 15:00:29.921,1.09433,1.09439,1.00,1.00
2016.09.13 15:00:30.262,1.09431,1.09437,1.00,1.00
2016.09.13 15:00:30.465,1.09428,1.09434,1.75,1.00
2016.09.13 15:00:30.517,1.09429,1.09435,1.50,1.00
2016.09.13 15:00:30.568,1.09429,1.09434,1.12,1.00
2016.09.13 15:00:30.853,1.09427,1.09433,1.75,1.00
2016.09.13 15:00:31.008,1.09428,1.09434,1.50,1.00
2016.09.13 15:00:31.115,1.09429,1.09436,1.12,1.00
2016.09.13 15:00:31.620,1.09429,1.09435,1.12,1.00
2016.09.13 15:00:32.189,1.0943,1.09437,1.00,1.00
2016.09.13 15:00:32.718,1.0943,1.09436,1.00,1.00
2016.09.13 15:00:33.786,1.09428,1.09434,1.50,1.00
2016.09.13 15:00:33.939,1.09428,1.09432,1.00,1.00
2016.09.13 15:00:34.092,1.09426,1.09432,1.12,1.00
2016.09.13 15:00:34.143,1.09427,1.09432,1.00,1.00
2016.09.13 15:00:34.195,1.09427,1.09434,1.00,1.00
2016.09.13 15:00:34.389,1.09426,1.09432,1.12,1.00
2016.09.13 15:00:34.747,1.09426,1.09432,1.12,1.00
2016.09.13 15:00:34.849,1.09426,1.09432,1.50,1.00
2016.09.13 15:00:34.900,1.09426,1.09432,1.00,1.00
2016.09.13 15:00:35.196,1.09426,1.09433,1.50,1.00
2016.09.13 15:00:35.248,1.09425,1.0943,1.72,1.00
2016.09.13 15:00:35.300,1.09425,1.09433,2.47,1.00
2016.09.13 15:00:35.351,1.09427,1.09434,1.00,1.50
2016.09.13 15:00:35.402,1.09427,1.09433,1.00,1.00
2016.09.13 15:00:35.453,1.09426,1.09431,1.12,1.00
2016.09.13 15:00:35.505,1.09428,1.09434,1.00,1.00
2016.09.13 15:00:35.556,1.09429,1.09436,1.00,1.00
2016.09.13 15:00:35.962,1.09428,1.09434,1.50,1.00
2016.09.13 15:00:36.014,1.09428,1.09434,1.12,1.00
2016.09.13 15:00:36.167,1.0943,1.09436,1.00,1.00
2016.09.13 15:00:36.372,1.09428,1.09434,1.12,1.00
2016.09.13 15:00:36.541,1.09429,1.09435,1.00,1.00
2016.09.13 15:00:37.500,1.09428,1.09435,1.12,1.00
2016.09.13 15:00:37.552,1.09427,1.09432,1.00,1.00
2016.09.13 15:00:37.603,1.09425,1.09432,4.12,1.00
2016.09.13 15:00:37.660,1.09422,1.09431,3.00,1.00
2016.09.13 15:00:37.712,1.0942,1.09429,5.25,1.00
2016.09.13 15:00:37.764,1.09419,1.09428,3.75,1.00
2016.09.13 15:00:37.816,1.09419,1.09426,1.75,1.00
2016.09.13 15:00:37.868,1.09421,1.09427,1.12,1.00
2016.09.13 15:00:37.920,1.09419,1.09426,1.87,1.00
2016.09.13 15:00:38.151,1.09419,1.09423,1.00,1.00
2016.09.13 15:00:38.211,1.09415,1.09421,1.75,1.00
2016.09.13 15:00:38.263,1.09413,1.09419,1.87,1.00
2016.09.13 15:00:38.314,1.09413,1.09418,1.00,1.00
2016.09.13 15:00:38.418,1.09412,1.09417,1.72,1.00
2016.09.13 15:00:38.521,1.09409,1.09419,2.85,1.00
2016.09.13 15:00:38.573,1.09409,1.09419,2.47,1.00
2016.09.13 15:00:38.624,1.09409,1.09419,2.10,1.00
2016.09.13 15:00:38.870,1.09409,1.09421,2.10,1.50
2016.09.13 15:00:38.921,1.09409,1.09422,2.10,3.00
2016.09.13 15:00:38.972,1.09409,1.0942,2.10,1.12
2016.09.13 15:00:39.023,1.09409,1.0942,2.47,1.12
2016.09.13 15:00:39.074,1.09409,1.09422,2.47,1.75
2016.09.13 15:00:39.125,1.09411,1.09422,1.90,1.75
2016.09.13 15:00:39.176,1.09411,1.09422,1.30,1.50
2016.09.13 15:00:39.227,1.09411,1.09422,1.35,1.12
2016.09.13 15:00:39.329,1.0941,1.09421,2.85,1.00
2016.09.13 15:00:39.509,1.09411,1.09424,1.30,3.00
2016.09.13 15:00:39.560,1.09411,1.09424,2.25,2.62
2016.09.13 15:00:39.611,1.09411,1.0942,1.87,1.00
2016.09.13 15:00:39.662,1.09409,1.0942,1.87,1.00
2016.09.13 15:00:39.713,1.0941,1.0942,1.12,1.00
2016.09.13 15:00:39.765,1.0941,1.0942,2.10,1.00
2016.09.13 15:00:39.816,1.0941,1.0942,1.35,1.00
2016.09.13 15:00:39.868,1.09411,1.0942,1.30,1.00
2016.09.13 15:00:39.919,1.09411,1.0942,2.10,1.00
2016.09.13 15:00:39.971,1.09411,1.0942,2.47,1.00
2016.09.13 15:00:40.023,1.09411,1.0942,1.72,1.00
2016.09.13 15:00:40.075,1.09411,1.09419,1.35,1.00
2016.09.13 15:00:40.256,1.09411,1.09421,1.30,1.00
2016.09.13 15:00:40.316,1.09409,1.0942,2.85,1.00
2016.09.13 15:00:40.367,1.0941,1.0942,1.00,1.00
2016.09.13 15:00:40.418,1.09409,1.0942,2.47,1.00
2016.09.13 15:00:40.470,1.09409,1.09419,1.37,1.00
2016.09.13 15:00:40.521,1.09408,1.0942,2.85,1.00
2016.09.13 15:00:40.674,1.09408,1.0942,2.10,1.00
2016.09.13 15:00:40.726,1.09409,1.0942,1.72,1.00
2016.09.13 15:00:41.059,1.09409,1.0942,2.10,1.00
2016.09.13 15:00:41.162,1.09411,1.09422,1.30,1.12
2016.09.13 15:00:41.214,1.09411,1.09423,1.57,2.25
2016.09.13 15:00:41.266,1.09415,1.09423,1.30,1.12
2016.09.13 15:00:41.324,1.09415,1.09425,1.72,1.12
2016.09.13 15:00:41.407,1.09415,1.09427,2.47,1.87
2016.09.13 15:00:41.458,1.09415,1.09427,2.47,1.12
2016.09.13 15:00:41.509,1.09416,1.09428,1.00,1.87
2016.09.13 15:00:41.805,1.09416,1.09428,1.00,1.12
2016.09.13 15:00:42.062,1.09416,1.09428,1.72,1.87
2016.09.13 15:00:42.164,1.09416,1.09428,1.00,1.87
2016.09.13 15:00:42.266,1.09416,1.09427,1.00,1.00
2016.09.13 15:00:42.369,1.09416,1.09427,1.72,1.00
2016.09.13 15:00:42.421,1.09416,1.09428,1.72,1.12
2016.09.13 15:00:42.699,1.09418,1.09428,1.00,1.00
2016.09.13 15:00:42.955,1.09418,1.09429,1.00,1.50
2016.09.13 15:00:43.263,1.09418,1.09429,1.00,1.00
2016.09.13 15:00:43.499,1.09422,1.0943,1.30,1.12
2016.09.13 15:00:43.550,1.09424,1.09435,3.97,2.62
2016.09.13 15:00:43.602,1.09424,1.09436,3.97,3.37
2016.09.13 15:00:43.653,1.09428,1.09436,1.30,3.00
2016.09.13 15:00:43.704,1.09428,1.09438,1.30,1.85
2016.09.13 15:00:43.769,1.09428,1.09438,1.72,1.75
2016.09.13 15:00:43.822,1.09428,1.09439,1.72,1.50
2016.09.13 15:00:43.873,1.09429,1.09439,1.35,1.12
2016.09.13 15:00:43.925,1.09434,1.09441,1.30,1.12
2016.09.13 15:00:43.976,1.09434,1.09442,1.30,2.25
2016.09.13 15:00:44.027,1.09435,1.09443,1.00,1.85
2016.09.13 15:00:44.213,1.09435,1.09444,1.00,1.37
2016.09.13 15:00:44.265,1.09435,1.09445,1.00,1.12
2016.09.13 15:00:44.368,1.09436,1.09447,1.72,2.25
2016.09.13 15:00:44.419,1.09436,1.09448,2.10,1.87
2016.09.13 15:00:44.471,1.09436,1.09446,2.47,1.00
2016.09.13 15:00:44.523,1.09436,1.09447,2.85,1.00
2016.09.13 15:00:44.574,1.09437,1.09447,1.72,1.00
2016.09.13 15:00:44.625,1.09439,1.09448,1.00,1.00
2016.09.13 15:00:44.676,1.0944,1.09448,1.30,1.00
2016.09.13 15:00:44.849,1.09442,1.09451,1.30,1.50
2016.09.13 15:00:44.901,1.09441,1.0945,1.12,1.00
2016.09.13 15:00:45.003,1.09441,1.09452,1.12,1.00
2016.09.13 15:00:45.055,1.09441,1.09452,1.12,1.50
2016.09.13 15:00:45.106,1.09441,1.09449,1.00,1.00
2016.09.13 15:00:45.157,1.0944,1.09448,1.35,1.00
2016.09.13 15:00:45.208,1.0944,1.09449,1.30,1.00
2016.09.13 15:00:45.260,1.09439,1.09449,1.35,1.00
2016.09.13 15:00:45.311,1.09439,1.0945,2.10,1.50
2016.09.13 15:00:45.464,1.09439,1.0945,2.10,1.00
2016.09.13 15:00:45.516,1.09439,1.0945,1.35,1.50
2016.09.13 15:00:45.567,1.09439,1.09448,1.35,1.00
2016.09.13 15:00:45.618,1.09438,1.09448,2.47,1.00
2016.09.13 15:00:45.670,1.09439,1.09447,1.12,1.00
2016.09.13 15:00:45.772,1.09437,1.09447,1.12,1.00
2016.09.13 15:00:45.824,1.09436,1.09446,1.87,1.00
2016.09.13 15:00:45.875,1.09435,1.09446,3.60,1.00
2016.09.13 15:00:45.977,1.09435,1.09446,3.60,1.00
2016.09.13 15:00:46.109,1.09435,1.09446,3.22,1.00
2016.09.13 15:00:46.161,1.09435,1.09446,1.50,1.00
2016.09.13 15:00:46.365,1.09434,1.09446,2.62,1.00
2016.09.13 15:00:46.416,1.09434,1.09446,1.87,1.00
2016.09.13 15:00:46.847,1.09434,1.09446,1.75,1.50
2016.09.13 15:00:46.950,1.09434,1.09442,1.75,1.00
2016.09.13 15:00:47.206,1.09434,1.09441,1.50,1.00
2016.09.13 15:00:47.257,1.09434,1.09443,1.12,1.00
2016.09.13 15:00:47.310,1.09434,1.09443,1.37,1.00
2016.09.13 15:00:47.386,1.09434,1.09444,2.25,1.00
2016.09.13 15:00:47.562,1.09434,1.09444,3.97,1.00
2016.09.13 15:00:47.613,1.09435,1.09444,1.12,1.00
2016.09.13 15:00:47.715,1.09435,1.09444,1.87,1.00
2016.09.13 15:00:47.868,1.09435,1.09443,1.12,1.00
2016.09.13 15:00:48.021,1.09435,1.09443,1.87,1.00
2016.09.13 15:00:48.123,1.09435,1.09443,2.85,1.00
2016.09.13 15:00:48.174,1.09436,1.09444,1.00,1.00
2016.09.13 15:00:48.396,1.09439,1.09445,1.00,1.00
2016.09.13 15:00:48.447,1.09439,1.09445,2.25,1.00
2016.09.13 15:00:48.549,1.09439,1.09445,1.50,1.00
2016.09.13 15:00:48.602,1.0944,1.09447,1.00,1.00
2016.09.13 15:00:49.135,1.09439,1.09447,1.87,1.00
2016.09.13 15:00:49.289,1.09439,1.09445,1.12,1.00
2016.09.13 15:00:49.443,1.09441,1.09448,1.00,1.00
2016.09.13 15:00:49.596,1.09439,1.09445,1.12,1.00
2016.09.13 15:00:50.104,1.09439,1.09446,1.00,1.00
2016.09.13 15:00:50.409,1.09438,1.09445,2.85,1.00
2016.09.13 15:00:50.618,1.09441,1.09448,1.00,1.00
2016.09.13 15:00:50.669,1.09441,1.09448,1.00,1.00
2016.09.13 15:00:50.771,1.0944,1.09448,2.47,1.00
2016.09.13 15:00:50.823,1.0944,1.09447,1.87,1.00
2016.09.13 15:00:50.874,1.0944,1.09447,1.87,1.00
2016.09.13 15:00:50.925,1.09441,1.09448,1.00,1.00
2016.09.13 15:00:50.978,1.09441,1.09448,1.00,1.00
2016.09.13 15:00:51.131,1.0944,1.09448,1.12,1.00
2016.09.13 15:00:51.671,1.0944,1.09449,2.62,1.00
2016.09.13 15:00:51.722,1.09441,1.09449,1.00,1.00
2016.09.13 15:00:51.773,1.09441,1.09449,1.00,1.00
2016.09.13 15:00:51.875,1.09441,1.09449,1.00,1.00
2016.09.13 15:00:52.020,1.09441,1.09449,1.00,1.00
2016.09.13 15:00:52.077,1.09443,1.0945,2.25,1.00
2016.09.13 15:00:52.129,1.09443,1.09448,1.12,1.00
2016.09.13 15:00:52.180,1.09442,1.09446,1.50,1.00
2016.09.13 15:00:52.232,1.09443,1.09447,1.12,1.00
2016.09.13 15:00:52.289,1.09442,1.09446,1.50,1.00
2016.09.13 15:00:52.341,1.0944,1.09446,3.75,1.00
2016.09.13 15:00:52.392,1.09441,1.09448,1.50,1.00
2016.09.13 15:00:52.444,1.09441,1.09448,1.12,1.00
2016.09.13 15:00:52.546,1.09441,1.09448,1.50,1.00
2016.09.13 15:00:52.731,1.09441,1.09448,1.87,1.00
2016.09.13 15:00:52.788,1.09441,1.09447,1.12,1.00
2016.09.13 15:00:52.840,1.09441,1.09447,1.00,1.00
2016.09.13 15:00:52.942,1.09438,1.09446,1.87,1.00
2016.09.13 15:00:53.197,1.09438,1.09443,1.12,1.00
2016.09.13 15:00:53.400,1.09438,1.09447,1.87,1.00
2016.09.13 15:00:53.571,1.09438,1.09447,2.47,1.00
2016.09.13 15:00:53.622,1.09439,1.09448,1.00,1.00
2016.09.13 15:00:53.724,1.09438,1.09447,1.87,1.00
2016.09.13 15:00:53.775,1.09438,1.09446,1.12,1.00
2016.09.13 15:00:53.826,1.09438,1.09446,1.00,1.00
2016.09.13 15:00:54.132,1.09438,1.09443,1.00,1.00
2016.09.13 15:00:54.419,1.09438,1.09444,1.12,1.00
2016.09.13 15:00:54.728,1.09438,1.09443,1.00,1.00
2016.09.13 15:00:54.882,1.09436,1.09443,2.85,1.00
2016.09.13 15:00:55.067,1.09436,1.09443,2.10,1.00
2016.09.13 15:00:55.119,1.09436,1.09443,2.85,1.00
2016.09.13 15:00:55.170,1.09436,1.09442,1.12,1.00
2016.09.13 15:00:55.324,1.09436,1.09441,1.00,1.00
2016.09.13 15:00:55.583,1.09436,1.09443,1.00,1.00
2016.09.13 15:00:55.829,1.09435,1.09443,1.12,1.00
2016.09.13 15:00:56.036,1.09436,1.09444,1.00,1.00
2016.09.13 15:00:56.087,1.09435,1.09441,1.87,1.00
2016.09.13 15:00:57.280,1.09434,1.0944,1.72,1.00
2016.09.13 15:00:57.428,1.09434,1.0944,1.67,1.00
2016.09.13 15:00:57.479,1.09431,1.09437,2.06,1.00
2016.09.13 15:00:57.531,1.09431,1.09437,2.06,1.00
2016.09.13 15:00:57.582,1.09429,1.09435,1.12,1.00
2016.09.13 15:00:57.634,1.09428,1.09435,1.75,1.00
2016.09.13 15:00:57.685,1.09427,1.09435,2.25,1.00
2016.09.13 15:00:57.737,1.09427,1.09435,1.75,1.00
2016.09.13 15:00:57.788,1.09427,1.09435,1.75,1.00
2016.09.13 15:00:58.433,1.09426,1.09433,3.75,1.00
2016.09.13 15:00:58.586,1.09426,1.09433,3.75,1.00
2016.09.13 15:00:58.638,1.09426,1.09434,1.87,1.00
2016.09.13 15:00:58.691,1.09426,1.09434,1.87,1.00
2016.09.13 15:00:58.821,1.09428,1.09432,1.00,1.00
2016.09.13 15:00:58.999,1.09426,1.09432,1.00,1.00
2016.09.13 15:00:59.407,1.09426,1.09433,1.50,1.00
2016.09.13 15:00:59.509,1.09426,1.09433,1.50,1.00
2016.09.13 15:00:59.697,1.09425,1.09432,2.25,1.00
2016.09.13 15:01:00.024,1.09425,1.0943,1.50,1.00
2016.09.13 15:01:00.075,1.09425,1.09429,1.50,1.00
2016.09.13 15:01:00.321,1.09422,1.09428,1.50,1.00
2016.09.13 15:01:00.372,1.09422,1.09428,1.12,1.00
2016.09.13 15:01:00.475,1.09422,1.09428,1.00,1.00
2016.09.13 15:01:00.526,1.09419,1.09424,3.00,1.00
2016.09.13 15:01:00.577,1.09419,1.09426,1.75,1.00
2016.09.13 15:01:00.629,1.09419,1.09426,2.25,1.00
2016.09.13 15:01:00.680,1.09419,1.09426,1.50,1.00
2016.09.13 15:01:00.783,1.0942,1.09426,1.00,1.00
2016.09.13 15:01:01.018,1.0942,1.09426,1.50,1.00
2016.09.13 15:01:01.123,1.09422,1.09428,1.00,1.00
2016.09.13 15:01:01.225,1.09423,1.09428,1.00,1.00
2016.09.13 15:01:01.378,1.09423,1.09428,1.00,1.00
2016.09.13 15:01:01.900,1.09423,1.09429,1.00,1.00
2016.09.13 15:01:02.358,1.09426,1.09432,1.12,1.00
2016.09.13 15:01:02.460,1.09425,1.09431,1.87,1.00
2016.09.13 15:01:03.325,1.09427,1.09433,1.00,1.00
2016.09.13 15:01:03.469,1.09427,1.09433,1.00,1.00
2016.09.13 15:01:03.776,1.09428,1.09434,1.00,1.00
2016.09.13 15:01:03.827,1.09427,1.09433,1.00,1.00
2016.09.13 15:01:04.032,1.09428,1.09434,1.00,1.00
2016.09.13 15:01:04.280,1.09428,1.09433,1.00,1.00
2016.09.13 15:01:04.382,1.09428,1.09435,1.37,1.00
2016.09.13 15:01:04.434,1.09428,1.09435,1.50,1.00
2016.09.13 15:01:04.485,1.09428,1.09435,2.25,1.00
2016.09.13 15:01:04.536,1.09428,1.09435,2.25,1.00
2016.09.13 15:01:04.587,1.0943,1.09435,1.12,1.00
2016.09.13 15:01:06.397,1.09429,1.09433,1.00,1.00
2016.09.13 15:01:06.576,1.09429,1.09434,1.00,1.00
2016.09.13 15:01:06.884,1.09429,1.09435,1.12,1.00
2016.09.13 15:01:07.139,1.09428,1.09433,1.50,1.00
2016.09.13 15:01:07.191,1.09428,1.09432,1.00,1.00
2016.09.13 15:01:07.375,1.09426,1.09433,1.87,1.00
2016.09.13 15:01:07.426,1.09426,1.09431,1.12,1.00
2016.09.13 15:01:07.631,1.09425,1.09431,2.25,1.00
2016.09.13 15:01:07.939,1.09426,1.09431,1.12,1.00
2016.09.13 15:01:09.106,1.09425,1.09429,1.50,1.00
2016.09.13 15:01:09.157,1.09426,1.09431,1.12,1.00
2016.09.13 15:01:09.259,1.09425,1.09431,1.87,1.00
2016.09.13 15:01:10.500,1.09425,1.09431,1.50,1.00
2016.09.13 15:01:11.101,1.09426,1.09431,1.12,1.00
2016.09.13 15:01:11.357,1.09423,1.09428,1.50,1.00
2016.09.13 15:01:11.544,1.09422,1.09427,1.37,1.00
2016.09.13 15:01:11.596,1.09422,1.09427,1.00,1.00
2016.09.13 15:01:12.055,1.0942,1.09425,1.00,1.00
2016.09.13 15:01:12.705,1.09419,1.09424,1.00,1.00
2016.09.13 15:01:13.345,1.09422,1.09428,1.00,1.00
2016.09.13 15:01:13.448,1.0942,1.09425,1.00,1.00
2016.09.13 15:01:13.905,1.09418,1.09423,1.00,1.00
2016.09.13 15:01:13.957,1.09416,1.09421,1.12,1.00
2016.09.13 15:01:14.112,1.09416,1.09421,1.00,1.00
2016.09.13 15:01:14.418,1.09417,1.09423,1.00,1.00
2016.09.13 15:01:14.748,1.09417,1.09421,1.00,1.00
2016.09.13 15:01:14.851,1.09417,1.09423,1.00,1.00
2016.09.13 15:01:15.352,1.09417,1.09422,1.00,1.00
2016.09.13 15:01:15.760,1.09419,1.09424,1.00,1.00
2016.09.13 15:01:15.997,1.09419,1.09426,1.00,1.00
2016.09.13 15:01:16.099,1.09421,1.09426,2.25,1.00
2016.09.13 15:01:16.152,1.09422,1.09428,1.00,1.00
2016.09.13 15:01:16.256,1.09424,1.09429,1.00,1.00
2016.09.13 15:01:18.512,1.09424,1.0943,1.00,1.00
2016.09.13 15:01:18.716,1.09424,1.0943,1.12,1.00
2016.09.13 15:01:18.818,1.09424,1.0943,1.00,1.00
2016.09.13 15:01:19.105,1.09423,1.09428,1.50,1.00
2016.09.13 15:01:19.157,1.09423,1.09428,1.50,1.00
2016.09.13 15:01:19.311,1.09423,1.09428,1.12,1.00
2016.09.13 15:01:19.414,1.09424,1.09429,1.00,1.00
2016.09.13 15:01:19.620,1.09424,1.09431,1.00,1.00
2016.09.13 15:01:19.905,1.09424,1.09429,1.00,1.00
2016.09.13 15:01:20.110,1.09422,1.09427,1.12,1.00
2016.09.13 15:01:20.365,1.09421,1.09426,3.00,1.00
2016.09.13 15:01:21.016,1.09421,1.09432,2.25,3.00
2016.09.13 15:01:21.120,1.09421,1.09432,2.25,1.50
2016.09.13 15:01:21.172,1.09421,1.09432,2.25,1.00
2016.09.13 15:01:21.302,1.09421,1.09432,2.25,1.00
2016.09.13 15:01:21.355,1.09421,1.09433,2.25,1.50
2016.09.13 15:01:21.511,1.09421,1.09433,2.62,1.50
2016.09.13 15:01:21.613,1.09422,1.09433,1.00,1.00
2016.09.13 15:01:21.666,1.09422,1.09433,1.00,1.00
2016.09.13 15:01:21.718,1.09423,1.09434,1.12,1.12
2016.09.13 15:01:21.770,1.09424,1.09434,1.75,1.12
2016.09.13 15:01:21.821,1.09425,1.09435,1.37,1.37
2016.09.13 15:01:21.873,1.09427,1.09438,1.00,1.75
2016.09.13 15:01:22.027,1.09431,1.09436,1.00,1.00
2016.09.13 15:01:23.034,1.09426,1.0944,2.62,2.70
2016.09.13 15:01:23.086,1.09426,1.09439,2.62,1.12
2016.09.13 15:01:23.190,1.09426,1.09438,2.62,1.00
2016.09.13 15:01:23.292,1.09426,1.09438,2.62,1.00
2016.09.13 15:01:23.343,1.09428,1.09433,1.00,1.00
2016.09.13 15:01:23.726,1.09427,1.09432,1.12,1.00
2016.09.13 15:01:24.366,1.09428,1.09433,1.00,1.00
2016.09.13 15:01:24.673,1.09426,1.09431,1.87,1.00
2016.09.13 15:01:24.725,1.09426,1.09431,1.50,1.00
2016.09.13 15:01:24.776,1.09427,1.09432,1.00,1.00
2016.09.13 15:01:24.828,1.09429,1.09435,1.00,1.00
2016.09.13 15:01:25.245,1.09428,1.09433,1.12,1.00
2016.09.13 15:01:25.297,1.09428,1.09433,1.50,1.00
2016.09.13 15:01:25.348,1.09428,1.09433,1.37,1.00
2016.09.13 15:01:25.400,1.09428,1.09433,1.00,1.00
2016.09.13 15:01:25.903,1.09427,1.09432,1.12,1.00
2016.09.13 15:01:25.954,1.09427,1.09432,1.00,1.00
2016.09.13 15:01:26.551,1.09426,1.09431,1.12,1.00
2016.09.13 15:01:27.248,1.09428,1.09433,1.00,1.00
2016.09.13 15:01:27.452,1.09425,1.0943,1.00,1.00
2016.09.13 15:01:27.503,1.09424,1.0943,1.87,1.00
2016.09.13 15:01:27.555,1.09426,1.09431,1.12,1.00
2016.09.13 15:01:27.606,1.09424,1.0943,1.00,1.00
2016.09.13 15:01:28.016,1.09422,1.09428,1.00,1.00
2016.09.13 15:01:28.272,1.09426,1.09432,1.00,1.87
2016.09.13 15:01:28.324,1.09423,1.09428,1.00,1.00
2016.09.13 15:01:28.477,1.09421,1.09426,1.12,1.00
2016.09.13 15:01:28.579,1.09421,1.09426,1.00,1.00
2016.09.13 15:01:29.080,1.0942,1.09425,1.00,1.00
2016.09.13 15:01:29.471,1.09423,1.09428,1.00,1.00
2016.09.13 15:01:29.983,1.09422,1.09427,1.00,1.00
2016.09.13 15:01:30.620,1.09423,1.0943,1.75,1.00
2016.09.13 15:01:30.671,1.09425,1.0943,1.50,1.00
2016.09.13 15:01:30.725,1.09423,1.09428,1.00,1.00
2016.09.13 15:01:30.776,1.09422,1.09427,1.12,1.00
2016.09.13 15:01:31.087,1.09423,1.0943,1.00,1.12
2016.09.13 15:01:31.138,1.09423,1.09428,1.00,1.00
2016.09.13 15:01:31.883,1.09422,1.09427,1.00,1.00
2016.09.13 15:01:32.282,1.09424,1.09429,1.00,1.00
2016.09.13 15:01:32.589,1.09425,1.0943,1.50,1.00
2016.09.13 15:01:32.640,1.09423,1.0943,1.87,1.00
2016.09.13 15:01:32.691,1.09425,1.0943,1.50,1.00
2016.09.13 15:01:32.742,1.09426,1.09431,1.12,1.00
2016.09.13 15:01:32.793,1.09427,1.09432,1.00,1.00
2016.09.13 15:01:33.103,1.09426,1.09431,1.12,1.00
2016.09.13 15:01:33.154,1.09425,1.09429,1.00,1.00
2016.09.13 15:01:33.205,1.09425,1.0943,1.50,1.00
2016.09.13 15:01:33.256,1.09424,1.0943,1.12,1.00
2016.09.13 15:01:33.308,1.09425,1.0943,1.50,1.00
2016.09.13 15:01:33.359,1.09426,1.09431,1.12,1.00
2016.09.13 15:01:33.461,1.09425,1.09429,1.50,1.00
2016.09.13 15:01:33.972,1.09425,1.0943,1.50,1.00
2016.09.13 15:01:34.023,1.09426,1.0943,1.12,1.00
2016.09.13 15:01:34.126,1.09425,1.09429,1.00,1.00
2016.09.13 15:01:34.230,1.09424,1.0943,1.87,1.00
2016.09.13 15:01:34.489,1.09424,1.0943,1.12,1.00
2016.09.13 15:01:34.543,1.09423,1.09428,1.12,1.00
2016.09.13 15:01:34.799,1.09422,1.09427,1.00,1.00
2016.09.13 15:01:35.346,1.09421,1.09426,1.00,1.00
2016.09.13 15:01:35.753,1.09423,1.09428,1.00,1.00
2016.09.13 15:01:36.088,1.09425,1.0943,1.00,1.00
2016.09.13 15:01:36.639,1.09424,1.09429,1.00,1.00
2016.09.13 15:01:37.452,1.09426,1.09431,1.12,1.00
2016.09.13 15:01:37.503,1.09427,1.09432,1.00,1.00
2016.09.13 15:01:38.254,1.09428,1.09433,1.00,1.00
2016.09.13 15:01:38.566,1.09428,1.09435,1.00,1.00
2016.09.13 15:01:38.618,1.0943,1.09435,1.00,1.00
2016.09.13 15:01:38.953,1.09429,1.09434,1.12,1.00
2016.09.13 15:01:39.004,1.09428,1.09433,1.50,1.00
2016.09.13 15:01:39.106,1.09428,1.09433,1.37,1.00
2016.09.13 15:01:39.157,1.09428,1.09433,1.00,1.00
2016.09.13 15:01:39.463,1.0943,1.09435,1.00,1.00
2016.09.13 15:01:39.981,1.09429,1.09434,1.00,1.00
2016.09.13 15:01:40.443,1.0943,1.09435,1.12,1.00
2016.09.13 15:01:40.815,1.09429,1.09434,1.50,1.00
2016.09.13 15:01:40.866,1.0943,1.09435,1.12,1.00
2016.09.13 15:01:41.121,1.09429,1.09434,1.50,1.00
2016.09.13 15:01:41.751,1.09426,1.09434,4.50,1.00
2016.09.13 15:01:41.854,1.09426,1.09434,1.87,1.00
2016.09.13 15:01:41.905,1.09426,1.09431,1.50,1.00
2016.09.13 15:01:42.181,1.09426,1.09431,1.12,1.00
2016.09.13 15:01:42.232,1.09425,1.0943,1.37,1.00
2016.09.13 15:01:42.336,1.09425,1.0943,1.50,1.00
2016.09.13 15:01:42.388,1.09425,1.0943,2.25,1.00
2016.09.13 15:01:42.440,1.09425,1.0943,1.87,1.00
2016.09.13 15:01:42.543,1.09425,1.0943,2.25,1.00
2016.09.13 15:01:42.594,1.09426,1.09431,1.12,1.00
2016.09.13 15:01:42.646,1.09425,1.09429,1.50,1.00
2016.09.13 15:01:42.901,1.09426,1.09431,1.12,1.00
2016.09.13 15:01:43.670,1.09425,1.0943,2.25,1.00
2016.09.13 15:01:43.722,1.09426,1.09431,1.12,1.00
2016.09.13 15:01:44.136,1.09427,1.09432,1.00,1.00
2016.09.13 15:01:44.366,1.09425,1.09429,1.50,1.00
2016.09.13 15:01:44.571,1.09427,1.09431,1.00,1.00
2016.09.13 15:01:45.085,1.09426,1.09431,1.12,1.00
2016.09.13 15:01:45.188,1.09425,1.0943,1.50,1.00
2016.09.13 15:01:45.443,1.09425,1.0943,1.87,1.00
2016.09.13 15:01:45.545,1.09426,1.09431,1.12,1.00
2016.09.13 15:01:45.886,1.09427,1.09432,1.00,1.00
2016.09.13 15:01:46.606,1.09428,1.09433,1.00,1.00
2016.09.13 15:01:47.115,1.09427,1.09432,1.00,1.00
2016.09.13 15:01:47.452,1.09431,1.09436,1.00,1.00
2016.09.13 15:01:48.228,1.09429,1.09434,1.12,1.00
2016.09.13 15:01:48.280,1.09428,1.09433,1.50,1.00
2016.09.13 15:01:48.333,1.09428,1.09433,1.37,1.00
2016.09.13 15:01:48.385,1.09428,1.09433,1.00,1.00
2016.09.13 15:01:48.911,1.09429,1.09434,1.00,1.00
2016.09.13 15:01:49.216,1.09427,1.09432,1.00,1.00
2016.09.13 15:01:50.017,1.09426,1.09431,1.12,1.00
2016.09.13 15:01:50.467,1.09425,1.09429,1.12,1.00
2016.09.13 15:01:50.522,1.09426,1.09431,1.12,1.00
2016.09.13 15:01:50.778,1.09427,1.09432,1.00,1.00
2016.09.13 15:01:51.338,1.09425,1.0943,1.87,1.00
2016.09.13 15:01:51.441,1.09425,1.09429,1.12,1.00
2016.09.13 15:01:51.816,1.09425,1.0943,1.87,1.00
2016.09.13 15:01:53.371,1.09426,1.09431,1.12,1.00
2016.09.13 15:01:53.473,1.09428,1.09432,1.00,1.00
2016.09.13 15:01:53.575,1.09424,1.09429,1.00,1.00
2016.09.13 15:01:53.780,1.09422,1.09427,1.12,1.00
2016.09.13 15:01:53.883,1.09422,1.09427,1.00,1.00
2016.09.13 15:01:54.171,1.09419,1.09424,1.12,1.00
2016.09.13 15:01:54.223,1.09418,1.09423,2.25,1.00
2016.09.13 15:01:54.275,1.09418,1.09422,1.00,1.00
2016.09.13 15:01:54.327,1.09416,1.09423,1.85,1.00
2016.09.13 15:01:54.380,1.09418,1.09422,1.00,1.00
2016.09.13 15:01:54.432,1.09416,1.09423,1.75,1.00
2016.09.13 15:01:54.487,1.09416,1.09421,1.00,1.00
2016.09.13 15:01:54.895,1.09421,1.09426,1.00,1.50
2016.09.13 15:01:54.949,1.09422,1.09427,1.00,1.37
2016.09.13 15:01:55.003,1.09421,1.09426,1.00,1.00
2016.09.13 15:01:55.314,1.09423,1.09428,1.00,1.00
2016.09.13 15:01:56.208,1.09422,1.09427,1.00,1.00
2016.09.13 15:01:56.539,1.09424,1.09429,1.37,1.12
2016.09.13 15:01:56.591,1.09424,1.09429,1.37,1.00
2016.09.13 15:01:56.794,1.09424,1.09429,1.37,1.00
2016.09.13 15:01:56.846,1.09422,1.09427,1.12,1.00
2016.09.13 15:01:56.897,1.09422,1.09427,1.00,1.00
2016.09.13 15:01:57.529,1.09423,1.09428,1.00,1.00
2016.09.13 15:01:57.924,1.09423,1.09428,1.12,1.00
2016.09.13 15:01:57.976,1.09423,1.09428,1.00,1.00
2016.09.13 15:01:58.283,1.09425,1.0943,1.00,1.00
2016.09.13 15:01:58.834,1.09424,1.09429,1.00,1.00
2016.09.13 15:02:00.317,1.09425,1.0943,1.00,1.00
2016.09.13 15:02:01.102,1.09424,1.09429,1.00,1.00
2016.09.13 15:02:01.622,1.09425,1.0943,1.00,1.00
2016.09.13 15:02:02.661,1.09426,1.09431,1.00,1.00
2016.09.13 15:02:03.074,1.09427,1.09433,1.00,1.00
2016.09.13 15:02:03.176,1.09424,1.09429,1.00,1.00
2016.09.13 15:02:03.227,1.09422,1.09433,1.72,1.00
2016.09.13 15:02:03.279,1.09422,1.09427,1.37,2.62
2016.09.13 15:02:03.330,1.09422,1.09428,1.12,5.10
2016.09.13 15:02:03.381,1.09419,1.09424,2.32,1.30
2016.09.13 15:02:03.432,1.09414,1.09418,1.00,1.00
2016.09.13 15:02:03.483,1.09413,1.09418,1.37,1.00
2016.09.13 15:02:03.535,1.09413,1.09418,1.00,1.00
2016.09.13 15:02:04.059,1.09414,1.09419,1.00,1.00
2016.09.13 15:02:04.447,1.09416,1.09421,1.00,1.12
2016.09.13 15:02:04.502,1.09416,1.09422,1.00,1.00
2016.09.13 15:02:05.014,1.09416,1.09421,1.00,1.00
2016.09.13 15:02:05.409,1.09414,1.09419,1.00,1.00
2016.09.13 15:02:05.765,1.09412,1.09417,1.00,1.00
2016.09.13 15:02:06.697,1.09413,1.09418,1.00,1.00
2016.09.13 15:02:07.206,1.09412,1.09417,1.00,1.00
2016.09.13 15:02:08.276,1.09407,1.09412,2.66,1.00
2016.09.13 15:02:08.328,1.09404,1.09408,7.48,1.00
2016.09.13 15:02:08.381,1.09403,1.09408,7.40,1.00
2016.09.13 15:02:08.433,1.094,1.09407,7.40,1.87
2016.09.13 15:02:08.485,1.09404,1.09408,6.65,23.10
2016.09.13 15:02:08.540,1.09388,1.09397,1.20,1.87
2016.09.13 15:02:08.611,1.09385,1.09395,2.25,2.10
2016.09.13 15:02:08.662,1.09382,1.09395,2.92,2.10
2016.09.13 15:02:08.808,1.09386,1.09395,1.00,1.00
2016.09.13 15:02:08.859,1.09386,1.09397,1.00,3.07
2016.09.13 15:02:08.910,1.09386,1.09397,1.12,2.25
2016.09.13 15:02:09.012,1.09387,1.09397,1.00,1.87
2016.09.13 15:02:09.114,1.09388,1.09397,1.00,1.12
2016.09.13 15:02:09.165,1.09388,1.09397,1.00,1.00
2016.09.13 15:02:09.740,1.09388,1.094,1.00,1.50
2016.09.13 15:02:09.842,1.09388,1.094,1.50,1.50
2016.09.13 15:02:09.893,1.09389,1.09401,1.30,1.75
2016.09.13 15:02:09.996,1.0939,1.09401,1.00,2.10
2016.09.13 15:02:10.047,1.0939,1.09401,1.00,2.25
2016.09.13 15:02:10.293,1.09389,1.094,1.00,1.50
2016.09.13 15:02:10.703,1.09389,1.094,1.00,2.10
2016.09.13 15:02:10.806,1.09389,1.094,1.00,1.50
2016.09.13 15:02:11.009,1.09394,1.09402,1.12,1.50
2016.09.13 15:02:11.062,1.09394,1.09401,1.12,1.12
2016.09.13 15:02:11.113,1.09392,1.09403,1.30,3.00
2016.09.13 15:02:11.165,1.09392,1.09403,1.30,1.50
2016.09.13 15:02:11.218,1.0939,1.09403,3.22,3.22
2016.09.13 15:02:11.269,1.0939,1.09403,3.22,2.62
2016.09.13 15:02:11.321,1.09391,1.09404,1.35,2.47
2016.09.13 15:02:11.372,1.09391,1.09404,1.72,2.47
2016.09.13 15:02:11.423,1.09391,1.09404,1.72,1.87
2016.09.13 15:02:11.474,1.09392,1.09404,1.00,1.12
2016.09.13 15:02:11.525,1.09392,1.09404,1.00,1.12
2016.09.13 15:02:11.732,1.09398,1.09406,1.00,1.75
2016.09.13 15:02:11.936,1.09399,1.09406,1.00,1.12
2016.09.13 15:02:12.038,1.09399,1.09406,1.00,1.00
2016.09.13 15:02:12.191,1.09399,1.09406,1.12,1.00
2016.09.13 15:02:12.242,1.09399,1.09406,1.12,1.00
2016.09.13 15:02:12.442,1.09396,1.09406,1.12,1.00
2016.09.13 15:02:12.493,1.0939,1.09404,1.85,2.10
2016.09.13 15:02:12.545,1.0939,1.09401,1.00,1.00
2016.09.13 15:02:12.596,1.09386,1.09401,2.70,1.60
2016.09.13 15:02:12.647,1.09386,1.09398,1.75,1.35
2016.09.13 15:02:12.698,1.09386,1.09396,1.75,1.00
2016.09.13 15:02:12.749,1.09386,1.09395,1.50,1.00
2016.09.13 15:02:12.800,1.09382,1.09394,2.62,1.00
2016.09.13 15:02:12.851,1.09382,1.09394,1.00,1.12
2016.09.13 15:02:12.902,1.09382,1.09395,1.00,2.85
2016.09.13 15:02:12.953,1.09381,1.09395,3.60,2.10
2016.09.13 15:02:13.004,1.09382,1.09395,1.12,2.10
2016.09.13 15:02:13.156,1.09384,1.09395,1.25,2.10
2016.09.13 15:02:13.208,1.09384,1.09398,1.91,2.10
2016.09.13 15:02:13.259,1.09384,1.09398,2.29,2.10
2016.09.13 15:02:13.311,1.09384,1.09399,2.21,2.85
2016.09.13 15:02:13.362,1.09384,1.09399,2.59,2.85
2016.09.13 15:02:13.413,1.09386,1.09399,1.00,2.85
2016.09.13 15:02:13.567,1.09386,1.09399,1.00,2.10
2016.09.13 15:02:13.669,1.09386,1.09399,1.00,1.35
2016.09.13 15:02:13.721,1.09386,1.09399,1.72,1.35
2016.09.13 15:02:13.772,1.09387,1.09399,1.00,1.35
2016.09.13 15:02:13.996,1.09387,1.094,1.00,4.35
2016.09.13 15:02:14.251,1.09387,1.094,1.00,4.72
2016.09.13 15:02:14.303,1.09386,1.09399,1.00,1.75
2016.09.13 15:02:14.355,1.09386,1.09399,1.00,2.25
2016.09.13 15:02:15.148,1.09386,1.09398,1.00,1.75
2016.09.13 15:02:15.199,1.09385,1.09397,1.00,2.47
2016.09.13 15:02:15.251,1.09385,1.09396,1.00,1.12
2016.09.13 15:02:15.302,1.09385,1.09396,1.00,1.87
2016.09.13 15:02:15.456,1.09385,1.09396,1.00,2.25
2016.09.13 15:02:15.644,1.09385,1.09395,1.00,1.12
2016.09.13 15:02:15.695,1.09382,1.09395,1.50,1.12
2016.09.13 15:02:15.797,1.09382,1.09395,1.50,3.22
2016.09.13 15:02:15.849,1.09382,1.09394,1.50,2.10
2016.09.13 15:02:15.900,1.09382,1.09394,1.50,2.85
2016.09.13 15:02:15.952,1.09382,1.09394,1.00,4.35
2016.09.13 15:02:16.003,1.09379,1.09394,3.00,4.72
2016.09.13 15:02:16.055,1.09379,1.09393,1.75,2.47
2016.09.13 15:02:16.106,1.09379,1.09393,1.75,1.87
2016.09.13 15:02:16.285,1.09378,1.09393,2.47,2.25
2016.09.13 15:02:16.336,1.09379,1.0939,1.30,1.12
2016.09.13 15:02:16.439,1.09379,1.0939,1.30,1.72
2016.09.13 15:02:16.554,1.09379,1.0939,1.30,2.47
2016.09.13 15:02:16.610,1.09377,1.09389,2.44,1.00
2016.09.13 15:02:16.764,1.09377,1.09389,2.81,1.00
2016.09.13 15:02:16.914,1.09379,1.09389,1.00,1.00
2016.09.13 15:02:16.965,1.09379,1.0939,1.00,1.87
2016.09.13 15:02:17.016,1.09379,1.09387,1.00,1.50
2016.09.13 15:02:17.067,1.09379,1.09383,1.00,1.00
2016.09.13 15:02:17.118,1.09375,1.09385,1.75,1.00
2016.09.13 15:02:17.169,1.09373,1.09385,3.11,1.00
2016.09.13 15:02:17.221,1.09373,1.09385,2.62,1.35
2016.09.13 15:02:17.273,1.09372,1.09384,3.37,1.00
2016.09.13 15:02:17.324,1.09372,1.09384,2.85,1.00
2016.09.13 15:02:17.376,1.09372,1.09384,2.47,1.00
2016.09.13 15:02:17.427,1.09372,1.09384,1.37,1.00
2016.09.13 15:02:17.609,1.09372,1.09384,1.12,1.12
2016.09.13 15:02:17.814,1.09373,1.09384,1.12,1.12
2016.09.13 15:02:17.865,1.09373,1.09385,1.12,1.50
2016.09.13 15:02:17.916,1.09376,1.09386,1.00,1.75
2016.09.13 15:02:17.968,1.09376,1.09385,1.00,1.50
2016.09.13 15:02:18.071,1.09376,1.09386,1.00,1.50
2016.09.13 15:02:18.173,1.09375,1.09388,1.30,3.22
2016.09.13 15:02:18.358,1.09374,1.09388,3.34,2.10
2016.09.13 15:02:18.410,1.09374,1.09388,2.59,2.85
2016.09.13 15:02:18.461,1.09374,1.09388,1.84,2.85
2016.09.13 15:02:18.513,1.09374,1.09387,1.84,1.75
2016.09.13 15:02:18.565,1.09374,1.09387,1.84,1.75
2016.09.13 15:02:18.667,1.09374,1.09387,2.21,1.50
2016.09.13 15:02:18.922,1.09374,1.09388,2.21,3.22
2016.09.13 15:02:19.105,1.09374,1.09388,3.15,2.10
2016.09.13 15:02:19.156,1.09374,1.09388,3.15,2.10
2016.09.13 15:02:19.258,1.09374,1.09388,3.15,2.10
2016.09.13 15:02:19.514,1.09375,1.09389,1.16,4.72
2016.09.13 15:02:19.565,1.09375,1.09388,1.16,1.35
2016.09.13 15:02:19.617,1.09375,1.09388,1.54,1.35
2016.09.13 15:02:19.905,1.09375,1.09388,2.29,1.35
2016.09.13 15:02:20.210,1.09375,1.09388,1.54,1.35
2016.09.13 15:02:20.363,1.09375,1.09389,1.54,2.10
2016.09.13 15:02:20.516,1.09375,1.09389,2.29,2.10
2016.09.13 15:02:20.782,1.09375,1.09389,1.91,2.10
2016.09.13 15:02:20.841,1.09375,1.09389,1.91,2.10
2016.09.13 15:02:20.893,1.09375,1.09389,2.29,2.10
2016.09.13 15:02:20.944,1.09375,1.09389,1.31,2.10
2016.09.13 15:02:21.007,1.09375,1.09389,1.31,2.85
2016.09.13 15:02:21.059,1.09375,1.09389,3.04,2.10
2016.09.13 15:02:21.162,1.09375,1.09389,3.04,1.35
2016.09.13 15:02:21.213,1.09375,1.09389,2.66,1.35
2016.09.13 15:02:21.358,1.09376,1.09389,1.00,2.05
2016.09.13 15:02:21.410,1.09376,1.09389,1.50,2.10
2016.09.13 15:02:21.463,1.09376,1.09388,1.50,1.75
2016.09.13 15:02:21.516,1.09379,1.09388,1.25,1.75
2016.09.13 15:02:21.580,1.09379,1.09389,1.25,2.10
2016.09.13 15:02:21.632,1.09375,1.09389,3.04,2.10
2016.09.13 15:02:21.785,1.09375,1.09389,3.79,2.10
2016.09.13 15:02:21.836,1.09376,1.09389,1.30,2.10
2016.09.13 15:02:22.106,1.09376,1.09389,1.30,1.35
2016.09.13 15:02:22.158,1.09375,1.09389,1.12,2.10
2016.09.13 15:02:22.210,1.09374,1.09388,3.11,1.50
2016.09.13 15:02:22.262,1.09374,1.09389,1.61,2.10
2016.09.13 15:02:22.313,1.09374,1.09389,2.96,2.10
2016.09.13 15:02:22.364,1.09374,1.09389,2.96,2.10
2016.09.13 15:02:22.415,1.09375,1.09389,2.47,1.75
2016.09.13 15:02:22.467,1.09375,1.0939,2.47,2.47
2016.09.13 15:02:22.518,1.09376,1.0939,1.30,2.47
2016.09.13 15:02:22.570,1.09376,1.0939,1.30,3.22
2016.09.13 15:02:22.723,1.09376,1.0939,1.00,3.22
2016.09.13 15:02:23.173,1.09376,1.0939,1.00,2.47
2016.09.13 15:02:23.224,1.09376,1.0939,1.72,2.47
2016.09.13 15:02:23.275,1.09376,1.0939,1.72,2.47
2016.09.13 15:02:23.326,1.09376,1.0939,1.72,3.22
2016.09.13 15:02:23.377,1.09376,1.0939,1.72,2.62
2016.09.13 15:02:23.428,1.09377,1.0939,1.30,2.62
2016.09.13 15:02:23.479,1.09377,1.0939,1.30,1.87
2016.09.13 15:02:23.530,1.09376,1.0939,2.10,1.12
2016.09.13 15:02:23.581,1.09376,1.0939,2.85,1.12
2016.09.13 15:02:23.777,1.09377,1.0939,1.00,1.87
2016.09.13 15:02:24.083,1.09377,1.0939,1.00,1.12
2016.09.13 15:02:24.510,1.09377,1.0939,1.72,1.75
2016.09.13 15:02:24.713,1.09377,1.0939,2.47,1.75
2016.09.13 15:02:24.765,1.09377,1.0939,1.00,2.47
2016.09.13 15:02:24.816,1.09377,1.0939,1.00,2.05
2016.09.13 15:02:24.867,1.09377,1.0939,1.00,2.05
2016.09.13 15:02:24.918,1.09377,1.0939,1.72,2.05
2016.09.13 15:02:25.020,1.09377,1.0939,1.00,2.05
2016.09.13 15:02:25.071,1.09377,1.0939,1.00,2.10
2016.09.13 15:02:25.123,1.09377,1.0939,1.50,2.10
2016.09.13 15:02:25.175,1.09377,1.09391,1.87,3.07
2016.09.13 15:02:25.316,1.09377,1.09391,2.25,3.07
2016.09.13 15:02:25.368,1.0938,1.09392,1.00,1.12
2016.09.13 15:02:25.419,1.09383,1.09392,1.00,1.12
2016.09.13 15:02:25.471,1.09383,1.09393,1.00,1.20
2016.09.13 15:02:25.522,1.09384,1.09393,1.30,1.12
2016.09.13 15:02:25.574,1.09384,1.09397,1.30,2.55
2016.09.13 15:02:25.626,1.09383,1.09397,2.47,2.47
2016.09.13 15:02:25.677,1.09383,1.09397,1.72,1.35
2016.09.13 15:02:25.779,1.09383,1.09396,2.10,1.67
2016.09.13 15:02:25.830,1.09383,1.09396,1.12,1.67
2016.09.13 15:02:25.881,1.09383,1.09396,1.12,2.10
2016.09.13 15:02:26.035,1.09383,1.09395,1.00,1.50
2016.09.13 15:02:26.087,1.09381,1.09392,1.37,1.00
2016.09.13 15:02:26.138,1.0938,1.09392,2.47,1.00
2016.09.13 15:02:26.189,1.0938,1.09394,2.47,1.72
2016.09.13 15:02:26.241,1.0938,1.09394,2.47,3.22
2016.09.13 15:02:26.293,1.09383,1.09388,1.00,1.00
2016.09.13 15:02:27.428,1.09387,1.09391,1.00,1.00
2016.09.13 15:02:27.479,1.09386,1.09391,1.00,1.50
2016.09.13 15:02:27.530,1.09386,1.09393,1.72,1.75
2016.09.13 15:02:27.582,1.09388,1.09394,1.72,1.85
2016.09.13 15:02:27.633,1.09388,1.09394,1.00,1.75
2016.09.13 15:02:27.684,1.09389,1.09394,1.00,1.00
2016.09.13 15:02:28.910,1.0939,1.09395,1.00,1.00
2016.09.13 15:02:29.114,1.09391,1.09396,1.00,1.12
2016.09.13 15:02:29.165,1.09392,1.09399,1.00,1.75
2016.09.13 15:02:29.267,1.09392,1.094,1.72,1.75
2016.09.13 15:02:29.318,1.09395,1.094,1.00,1.50
2016.09.13 15:02:29.370,1.09395,1.094,1.00,1.37
2016.09.13 15:02:29.421,1.09395,1.094,1.00,1.12
2016.09.13 15:02:30.770,1.09397,1.09401,1.00,1.00
2016.09.13 15:02:30.821,1.09396,1.09403,1.00,2.25
2016.09.13 15:02:30.872,1.09393,1.09403,1.12,1.75
2016.09.13 15:02:30.924,1.09393,1.09404,2.62,1.75
2016.09.13 15:02:30.975,1.09394,1.09402,2.25,1.00
2016.09.13 15:02:31.102,1.09394,1.09404,2.25,1.37
2016.09.13 15:02:31.157,1.09395,1.09406,1.00,1.75
2016.09.13 15:02:31.208,1.09395,1.09406,1.00,1.75
2016.09.13 15:02:31.259,1.09395,1.09407,1.00,2.05
2016.09.13 15:02:31.310,1.09397,1.09407,1.00,2.10
2016.09.13 15:02:31.412,1.09397,1.09407,1.00,2.85
2016.09.13 15:02:31.463,1.09397,1.09407,1.00,3.00
2016.09.13 15:02:31.515,1.09395,1.09407,1.50,3.97
2016.09.13 15:02:31.566,1.09395,1.09406,1.00,1.50
2016.09.13 15:02:31.737,1.09393,1.09406,1.30,3.22
2016.09.13 15:02:31.788,1.09391,1.09405,2.47,1.87
2016.09.13 15:02:31.890,1.09391,1.09405,2.10,1.87
2016.09.13 15:02:32.043,1.09391,1.09405,2.10,2.47
2016.09.13 15:02:32.094,1.09391,1.09405,2.10,3.22
2016.09.13 15:02:32.196,1.09391,1.09404,2.10,1.75
2016.09.13 15:02:32.247,1.09393,1.09404,1.30,1.75
2016.09.13 15:02:32.299,1.09393,1.09404,1.30,1.75
2016.09.13 15:02:32.401,1.09393,1.09405,1.35,2.85
2016.09.13 15:02:32.536,1.09393,1.09405,1.35,2.10
2016.09.13 15:02:32.589,1.09393,1.09405,1.35,1.75
2016.09.13 15:02:32.640,1.09393,1.09406,1.35,4.35
2016.09.13 15:02:32.693,1.09393,1.09405,1.35,1.75
2016.09.13 15:02:33.103,1.09393,1.09406,1.35,3.60
2016.09.13 15:02:33.244,1.09393,1.09406,1.35,3.60
2016.09.13 15:02:33.296,1.09393,1.09405,1.30,2.10
2016.09.13 15:02:33.347,1.09392,1.09405,1.12,2.10
2016.09.13 15:02:33.404,1.09392,1.09405,1.37,2.10
2016.09.13 15:02:33.455,1.09393,1.09405,1.35,1.75
2016.09.13 15:02:33.506,1.09393,1.09405,1.35,1.75
2016.09.13 15:02:33.660,1.09392,1.09405,2.47,1.75
2016.09.13 15:02:33.712,1.09393,1.09405,1.12,1.75
2016.09.13 15:02:33.773,1.09393,1.09405,2.10,1.75
2016.09.13 15:02:33.977,1.09393,1.09405,1.12,1.75
2016.09.13 15:02:34.028,1.09392,1.09405,1.12,1.35
2016.09.13 15:02:34.285,1.09392,1.09405,1.12,2.10
2016.09.13 15:02:34.336,1.09391,1.09405,3.97,2.10
2016.09.13 15:02:34.389,1.09391,1.09402,3.60,1.00
2016.09.13 15:02:34.440,1.09391,1.09404,1.87,1.12
2016.09.13 15:02:34.492,1.09391,1.09404,1.00,1.12
2016.09.13 15:02:34.543,1.09391,1.09404,1.00,2.05
2016.09.13 15:02:34.682,1.09391,1.09403,1.00,2.62
2016.09.13 15:02:34.734,1.09391,1.09402,1.00,3.60
2016.09.13 15:02:34.787,1.09391,1.09401,1.00,1.50
2016.09.13 15:02:34.839,1.09387,1.09401,2.62,1.87
2016.09.13 15:02:34.891,1.09387,1.09399,1.87,1.00
2016.09.13 15:02:34.942,1.09387,1.094,1.50,1.87
2016.09.13 15:02:34.995,1.09387,1.09399,1.50,1.75
2016.09.13 15:02:35.097,1.09387,1.09399,1.50,1.87
2016.09.13 15:02:35.149,1.09388,1.09399,1.00,1.87
2016.09.13 15:02:35.201,1.09388,1.094,1.00,2.62
2016.09.13 15:02:35.405,1.09388,1.09399,1.00,1.87
2016.09.13 15:02:35.456,1.09383,1.09397,3.82,1.75
2016.09.13 15:02:35.512,1.09382,1.09396,5.17,1.37
2016.09.13 15:02:35.563,1.09382,1.09396,1.95,3.22
2016.09.13 15:02:35.615,1.09382,1.09395,1.20,1.75
2016.09.13 15:02:35.666,1.09382,1.09395,1.12,1.75
2016.09.13 15:02:35.819,1.09382,1.09395,1.00,1.12
2016.09.13 15:02:35.870,1.09382,1.09395,1.00,1.87
2016.09.13 15:02:35.921,1.09382,1.09395,1.00,2.62
2016.09.13 15:02:36.203,1.09382,1.09395,1.00,1.87
2016.09.13 15:02:36.254,1.09381,1.09395,3.94,1.12
2016.09.13 15:02:36.306,1.09381,1.09395,3.94,1.12
2016.09.13 15:02:36.357,1.09381,1.09395,3.19,1.12
2016.09.13 15:02:36.727,1.09381,1.09395,4.69,1.12
2016.09.13 15:02:36.778,1.09381,1.09395,1.87,2.10
2016.09.13 15:02:36.829,1.09381,1.09394,1.00,2.47
2016.09.13 15:02:37.031,1.09381,1.09392,1.00,3.22
2016.09.13 15:02:37.088,1.09381,1.09391,1.00,1.12
2016.09.13 15:02:37.139,1.09379,1.09391,1.72,1.50
2016.09.13 15:02:37.190,1.09379,1.0939,1.72,1.12
2016.09.13 15:02:37.241,1.09376,1.0939,4.99,1.87
2016.09.13 15:02:37.343,1.09377,1.0939,1.00,1.87
2016.09.13 15:02:37.445,1.09379,1.09391,1.30,1.12
2016.09.13 15:02:37.497,1.09379,1.09391,1.72,1.75
2016.09.13 15:02:37.549,1.09381,1.09391,2.10,1.75
2016.09.13 15:02:37.600,1.09382,1.09393,1.00,3.37
2016.09.13 15:02:37.652,1.09384,1.09394,1.99,1.75
2016.09.13 15:02:37.798,1.09384,1.09396,2.74,3.00
2016.09.13 15:02:37.850,1.09386,1.09397,1.00,3.37
2016.09.13 15:02:37.953,1.09387,1.09397,1.30,1.75
2016.09.13 15:02:38.004,1.09387,1.09398,1.30,3.75
2016.09.13 15:02:38.056,1.09387,1.09398,1.30,1.87
2016.09.13 15:02:38.108,1.09387,1.09398,1.30,2.62
2016.09.13 15:02:38.263,1.09386,1.09398,1.00,2.62
2016.09.13 15:02:38.482,1.09385,1.09398,1.12,2.62
2016.09.13 15:02:38.533,1.09385,1.09398,1.12,3.37
2016.09.13 15:02:38.585,1.09385,1.09398,1.31,2.62
2016.09.13 15:02:38.636,1.09385,1.09398,1.25,2.62
2016.09.13 15:02:38.897,1.09385,1.09398,1.25,1.87
2016.09.13 15:02:38.948,1.09385,1.09398,1.31,1.75
2016.09.13 15:02:39.133,1.09385,1.09398,1.31,2.25
2016.09.13 15:02:39.751,1.09385,1.09398,1.31,3.00
2016.09.13 15:02:40.093,1.09385,1.09398,1.31,2.25
2016.09.13 15:02:40.145,1.09386,1.09398,1.12,2.25
2016.09.13 15:02:40.248,1.09386,1.09397,1.00,1.75
2016.09.13 15:02:40.352,1.09384,1.09397,2.51,1.87
2016.09.13 15:02:40.404,1.09384,1.09397,2.14,1.87
2016.09.13 15:02:40.455,1.09384,1.09396,2.14,1.50
2016.09.13 15:02:40.506,1.09384,1.09396,2.14,1.50
2016.09.13 15:02:40.558,1.09384,1.09396,1.45,1.75
2016.09.13 15:02:40.757,1.0939,1.09395,1.00,1.50
2016.09.13 15:02:41.065,1.0939,1.09395,1.00,1.12
2016.09.13 15:02:41.947,1.0939,1.09395,1.00,1.50
2016.09.13 15:02:41.998,1.09391,1.09395,1.00,1.00
2016.09.13 15:02:42.189,1.0939,1.09395,1.00,1.12
2016.09.13 15:02:42.343,1.09389,1.09394,1.00,1.00
2016.09.13 15:02:42.652,1.09386,1.09391,1.00,1.00
2016.09.13 15:02:42.885,1.09387,1.09392,1.00,2.25
2016.09.13 15:02:42.991,1.09387,1.09392,1.00,1.50
2016.09.13 15:02:43.094,1.09386,1.09391,1.00,1.12
2016.09.13 15:02:44.256,1.09387,1.09392,1.00,1.50
2016.09.13 15:02:44.499,1.09387,1.09392,1.00,1.12
2016.09.13 15:02:45.153,1.09387,1.09392,1.00,1.87
2016.09.13 15:02:45.205,1.09386,1.09391,1.00,1.00
2016.09.13 15:02:45.538,1.09387,1.09392,1.00,1.87
2016.09.13 15:02:45.641,1.09387,1.09392,1.00,1.12
2016.09.13 15:02:45.847,1.09389,1.09393,1.00,1.00
2016.09.13 15:02:45.898,1.09389,1.09393,1.00,1.00
2016.09.13 15:02:46.083,1.0939,1.09395,1.00,1.00
2016.09.13 15:02:46.136,1.09387,1.09393,1.00,1.00
2016.09.13 15:02:46.290,1.09385,1.0939,1.00,1.00
2016.09.13 15:02:46.792,1.09383,1.09388,1.00,1.00
2016.09.13 15:02:49.029,1.09384,1.09389,1.00,1.00
2016.09.13 15:02:49.080,1.09385,1.0939,1.00,1.12
2016.09.13 15:02:49.284,1.09385,1.0939,1.00,1.00
2016.09.13 15:02:49.844,1.09386,1.09391,1.00,1.00
2016.09.13 15:02:50.052,1.09387,1.09392,1.00,1.12
2016.09.13 15:02:50.463,1.09387,1.09392,1.00,1.00
2016.09.13 15:02:52.989,1.09388,1.09393,1.00,1.12
2016.09.13 15:02:53.199,1.09387,1.09392,1.00,1.00
2016.09.13 15:02:53.709,1.09388,1.09393,1.00,1.00
2016.09.13 15:02:54.211,1.09387,1.09392,1.00,1.00
2016.09.13 15:02:55.038,1.09387,1.09394,1.00,1.00
2016.09.13 15:02:55.242,1.09387,1.09394,1.00,1.12
2016.09.13 15:02:55.406,1.09387,1.09394,1.00,2.47
2016.09.13 15:02:55.457,1.09385,1.09392,1.00,1.00
2016.09.13 15:02:55.967,1.09386,1.09392,1.00,1.00
2016.09.13 15:02:56.019,1.09386,1.09393,1.00,1.12
2016.09.13 15:02:56.572,1.09387,1.09393,1.00,1.12
2016.09.13 15:02:56.828,1.09386,1.09392,1.00,1.00
2016.09.13 15:02:57.303,1.09386,1.09393,1.00,3.22
2016.09.13 15:02:57.355,1.09386,1.09393,1.00,2.10
2016.09.13 15:02:57.406,1.09388,1.09394,1.00,1.50
2016.09.13 15:02:57.458,1.09388,1.09395,1.00,1.75
2016.09.13 15:02:57.510,1.09388,1.09395,1.00,1.50
2016.09.13 15:02:57.715,1.09388,1.09395,1.00,1.12
2016.09.13 15:02:57.767,1.09389,1.09396,1.00,1.87
2016.09.13 15:02:58.209,1.09388,1.09395,1.00,1.12
2016.09.13 15:02:58.633,1.09389,1.09396,1.00,1.50
2016.09.13 15:02:58.696,1.09389,1.09396,1.00,1.12
2016.09.13 15:02:58.951,1.0939,1.09397,1.00,2.62
2016.09.13 15:02:59.003,1.0939,1.09397,1.00,1.87
2016.09.13 15:02:59.055,1.0939,1.09397,1.00,1.50
2016.09.13 15:02:59.157,1.09391,1.09398,1.00,1.87
2016.09.13 15:02:59.357,1.0939,1.09397,1.00,1.50
2016.09.13 15:02:59.411,1.09391,1.09398,1.00,1.75
2016.09.13 15:02:59.462,1.09392,1.09399,1.00,3.00
2016.09.13 15:02:59.514,1.09394,1.09399,1.00,1.50
2016.09.13 15:02:59.566,1.09394,1.094,1.00,1.12
2016.09.13 15:02:59.617,1.09394,1.09401,1.00,2.25
2016.09.13 15:02:59.720,1.09394,1.09401,1.00,2.62
2016.09.13 15:02:59.821,1.09394,1.094,1.00,1.50
2016.09.13 15:02:59.924,1.09393,1.094,1.00,1.87
2016.09.13 15:03:00.216,1.09393,1.094,1.00,1.50
2016.09.13 15:03:00.369,1.09396,1.094,1.00,1.00
2016.09.13 15:03:00.523,1.09396,1.09403,1.00,1.50
2016.09.13 15:03:00.575,1.09394,1.09401,1.00,1.00
2016.09.13 15:03:00.626,1.09394,1.09401,1.00,1.12
2016.09.13 15:03:00.728,1.09393,1.094,1.00,1.00
2016.09.13 15:03:00.888,1.09393,1.094,1.00,1.12
2016.09.13 15:03:00.941,1.09393,1.094,1.00,1.50
2016.09.13 15:03:00.992,1.09392,1.09399,1.00,1.00
2016.09.13 15:03:01.094,1.09392,1.09399,1.00,1.12
2016.09.13 15:03:01.849,1.09393,1.094,1.00,1.87
2016.09.13 15:03:02.001,1.09391,1.09398,1.00,1.00
2016.09.13 15:03:02.053,1.09391,1.09398,1.00,1.12
2016.09.13 15:03:02.104,1.09389,1.09396,1.00,1.72
2016.09.13 15:03:02.155,1.09389,1.09396,1.00,2.10
2016.09.13 15:03:02.206,1.09388,1.09395,1.00,1.00
2016.09.13 15:03:02.257,1.09387,1.09394,1.50,1.00
2016.09.13 15:03:02.309,1.09387,1.09394,1.50,1.12
2016.09.13 15:03:02.599,1.09385,1.09391,1.00,1.00
2016.09.13 15:03:02.804,1.09384,1.09391,1.00,1.12
2016.09.13 15:03:03.341,1.09384,1.09391,1.00,1.87
2016.09.13 15:03:03.596,1.09383,1.0939,1.00,1.00
2016.09.13 15:03:03.698,1.09384,1.09391,1.00,1.87
2016.09.13 15:03:03.899,1.09384,1.09391,1.00,1.12
2016.09.13 15:03:03.951,1.09383,1.0939,1.00,1.00
2016.09.13 15:03:04.005,1.09383,1.0939,1.00,2.10
2016.09.13 15:03:04.056,1.09382,1.09389,1.00,1.00
2016.09.13 15:03:04.107,1.09382,1.09389,1.00,1.12
2016.09.13 15:03:04.582,1.09381,1.09388,1.00,1.00
2016.09.13 15:03:04.633,1.09382,1.09389,1.00,1.12
2016.09.13 15:03:05.458,1.09381,1.09388,1.00,1.00
2016.09.13 15:03:05.611,1.09381,1.09388,1.00,1.37
2016.09.13 15:03:05.713,1.09381,1.09388,1.00,1.50
2016.09.13 15:03:05.765,1.0938,1.09387,1.00,1.12
2016.09.13 15:03:05.867,1.09379,1.09386,1.00,1.00
2016.09.13 15:03:06.388,1.09378,1.09385,1.00,1.00
2016.09.13 15:03:06.889,1.09377,1.09384,1.00,1.00
2016.09.13 15:03:09.136,1.09377,1.09384,1.00,1.72
2016.09.13 15:03:09.187,1.09376,1.09383,1.00,1.00
2016.09.13 15:03:09.238,1.09376,1.09383,1.00,1.72
2016.09.13 15:03:09.471,1.09376,1.09383,1.00,1.00
2016.09.13 15:03:12.794,1.09376,1.09383,1.00,1.12
2016.09.13 15:03:13.208,1.09376,1.09383,1.00,1.00
2016.09.13 15:03:15.200,1.09376,1.09383,1.00,1.12
2016.09.13 15:03:15.508,1.09373,1.0938,1.50,1.00
2016.09.13 15:03:15.559,1.09372,1.09379,1.12,1.00
2016.09.13 15:03:15.610,1.0937,1.09377,1.85,1.00
2016.09.13 15:03:15.784,1.09368,1.09372,1.00,1.00
2016.09.13 15:03:15.835,1.09363,1.09372,2.62,1.72
2016.09.13 15:03:15.887,1.09363,1.09372,2.62,1.50
2016.09.13 15:03:15.938,1.09357,1.0937,3.37,1.00
2016.09.13 15:03:16.040,1.09357,1.0937,3.00,1.00
2016.09.13 15:03:16.091,1.09358,1.09371,2.25,1.00
2016.09.13 15:03:16.193,1.09358,1.09372,2.25,1.00
2016.09.13 15:03:16.295,1.09359,1.09374,1.75,5.51
2016.09.13 15:03:16.347,1.09359,1.09374,1.75,3.82
2016.09.13 15:03:16.532,1.09358,1.09374,3.00,3.22
2016.09.13 15:03:16.583,1.09359,1.09374,1.75,3.22
2016.09.13 15:03:16.689,1.09359,1.09374,1.75,1.87
2016.09.13 15:03:16.851,1.09359,1.09374,1.75,1.37
2016.09.13 15:03:16.902,1.09359,1.09374,1.75,1.37
2016.09.13 15:03:16.953,1.09359,1.09374,2.25,1.37
2016.09.13 15:03:17.055,1.09359,1.09374,3.00,1.12
2016.09.13 15:03:17.106,1.09359,1.09374,3.75,1.12
2016.09.13 15:03:17.285,1.0936,1.09374,1.75,1.00
2016.09.13 15:03:17.336,1.0936,1.09374,2.25,1.00
2016.09.13 15:03:17.440,1.0936,1.09375,2.25,2.44
2016.09.13 15:03:17.492,1.0936,1.09375,2.25,2.06
2016.09.13 15:03:18.145,1.0936,1.09375,2.25,1.87
2016.09.13 15:03:18.196,1.0936,1.09375,2.25,1.87
2016.09.13 15:03:18.813,1.09365,1.09375,1.00,1.87
2016.09.13 15:03:18.864,1.09365,1.09375,1.00,1.50
2016.09.13 15:03:18.916,1.09365,1.09376,1.00,1.35
2016.09.13 15:03:18.967,1.09365,1.09376,1.00,1.30
2016.09.13 15:03:19.069,1.09369,1.09378,1.00,3.22
2016.09.13 15:03:19.120,1.09369,1.09378,1.00,2.85
2016.09.13 15:03:19.284,1.09369,1.09379,1.12,1.30
2016.09.13 15:03:19.443,1.09369,1.0938,1.12,1.50
2016.09.13 15:03:19.750,1.09369,1.0938,1.12,1.87
2016.09.13 15:03:20.293,1.09369,1.0938,1.12,1.12
2016.09.13 15:03:20.448,1.09369,1.09379,1.12,2.10
2016.09.13 15:03:20.502,1.09369,1.09379,1.12,3.45
2016.09.13 15:03:20.553,1.09369,1.09375,1.12,1.00
2016.09.13 15:03:20.607,1.09365,1.09373,1.85,1.00
2016.09.13 15:03:20.658,1.09362,1.09373,1.75,1.37
2016.09.13 15:03:20.709,1.09361,1.09374,1.85,4.57
2016.09.13 15:03:20.761,1.09361,1.09374,1.50,5.14
2016.09.13 15:03:20.812,1.09361,1.09374,1.50,3.04
2016.09.13 15:03:20.863,1.09361,1.09374,1.00,2.10
2016.09.13 15:03:20.914,1.09361,1.09374,1.00,3.45
2016.09.13 15:03:21.096,1.09356,1.09372,4.20,3.22
2016.09.13 15:03:21.151,1.09356,1.09372,3.82,3.60
2016.09.13 15:03:21.202,1.09356,1.09372,3.75,3.60
2016.09.13 15:03:21.253,1.09356,1.09372,3.00,2.85
2016.09.13 15:03:21.355,1.09356,1.09371,2.25,1.50
2016.09.13 15:03:21.661,1.09356,1.09371,2.25,1.75
2016.09.13 15:03:22.096,1.09356,1.0937,2.25,1.50
2016.09.13 15:03:22.199,1.09356,1.0937,1.50,1.50
2016.09.13 15:03:22.250,1.09357,1.0937,1.12,1.50
2016.09.13 15:03:23.133,1.09356,1.0937,2.25,1.50
2016.09.13 15:03:23.815,1.09356,1.0937,2.25,1.37
2016.09.13 15:03:23.917,1.09356,1.0937,1.50,1.87
2016.09.13 15:03:24.222,1.09356,1.0937,2.25,1.87
2016.09.13 15:03:24.392,1.09356,1.0937,2.25,1.87
2016.09.13 15:03:24.443,1.09356,1.0937,2.25,1.50
2016.09.13 15:03:24.495,1.09356,1.09371,2.25,4.20
2016.09.13 15:03:24.596,1.09356,1.09371,2.25,3.45
2016.09.13 15:03:24.649,1.09356,1.09371,2.25,3.22
2016.09.13 15:03:25.414,1.09356,1.09371,2.25,3.22
2016.09.13 15:03:25.465,1.09356,1.09371,2.25,2.85
2016.09.13 15:03:25.517,1.09356,1.09371,2.25,2.10
2016.09.13 15:03:25.669,1.09356,1.09369,2.25,1.00
2016.09.13 15:03:25.721,1.09359,1.09367,1.00,1.00
2016.09.13 15:03:26.083,1.0936,1.09368,1.00,1.12
2016.09.13 15:03:26.287,1.0936,1.09368,1.00,1.00
2016.09.13 15:03:26.388,1.09361,1.09371,1.00,3.45
2016.09.13 15:03:26.439,1.09363,1.09371,1.00,2.85
2016.09.13 15:03:26.492,1.09364,1.09372,1.00,1.85
2016.09.13 15:03:26.543,1.09363,1.09371,1.00,1.75
2016.09.13 15:03:26.647,1.09363,1.09371,1.00,1.37
2016.09.13 15:03:26.855,1.09363,1.09371,1.00,1.00
2016.09.13 15:03:27.109,1.09364,1.09372,1.00,1.12
2016.09.13 15:03:27.211,1.09367,1.09373,1.00,2.10
2016.09.13 15:03:27.262,1.09366,1.09374,1.00,1.12
2016.09.13 15:03:27.313,1.09368,1.09376,1.00,1.87
2016.09.13 15:03:27.364,1.09369,1.09376,1.00,1.75
2016.09.13 15:03:27.416,1.09369,1.09378,1.00,2.62
2016.09.13 15:03:27.468,1.09371,1.0938,1.00,3.37
2016.09.13 15:03:27.520,1.09371,1.0938,1.00,3.37
2016.09.13 15:03:27.572,1.09371,1.0938,1.00,2.25
2016.09.13 15:03:27.623,1.09371,1.09379,1.00,1.50
2016.09.13 15:03:27.808,1.09371,1.09379,1.00,1.87
2016.09.13 15:03:29.258,1.09371,1.09379,1.00,1.37
2016.09.13 15:03:29.309,1.09372,1.0938,1.00,1.87
2016.09.13 15:03:31.822,1.09371,1.09379,1.00,1.50
2016.09.13 15:03:32.040,1.0937,1.09378,1.00,1.12
2016.09.13 15:03:32.193,1.0937,1.09378,1.00,1.50
2016.09.13 15:03:32.244,1.09369,1.09377,1.00,1.12
2016.09.13 15:03:32.893,1.09368,1.09377,1.00,1.12
2016.09.13 15:03:33.352,1.09369,1.09377,1.00,1.50
2016.09.13 15:03:33.586,1.0937,1.09378,1.00,1.75
2016.09.13 15:03:33.698,1.09369,1.09377,1.00,1.50
2016.09.13 15:03:33.877,1.09369,1.09377,1.00,1.75
2016.09.13 15:03:36.370,1.09369,1.09377,1.00,1.87
2016.09.13 15:03:36.472,1.09369,1.09375,1.00,1.00
2016.09.13 15:03:36.524,1.09368,1.09377,1.00,1.75
2016.09.13 15:03:36.575,1.09368,1.09377,1.00,1.87
2016.09.13 15:03:37.920,1.09368,1.09376,1.00,1.75
2016.09.13 15:03:38.074,1.09367,1.09375,1.00,1.50
2016.09.13 15:03:38.176,1.09367,1.09374,1.00,1.00
2016.09.13 15:03:38.227,1.09366,1.09374,1.00,1.50
2016.09.13 15:03:40.344,1.09369,1.09376,1.00,1.12
2016.09.13 15:03:40.395,1.09369,1.09377,1.50,1.87
2016.09.13 15:03:40.446,1.09369,1.09378,1.50,2.62
2016.09.13 15:03:40.498,1.09372,1.0938,1.00,1.87
2016.09.13 15:03:40.550,1.09373,1.09377,1.00,1.00
2016.09.13 15:03:40.602,1.09374,1.09382,1.00,1.75
2016.09.13 15:03:41.317,1.09374,1.09382,1.00,1.50
2016.09.13 15:03:42.505,1.09373,1.09381,1.00,1.12
2016.09.13 15:03:43.494,1.09374,1.09382,1.00,1.50
2016.09.13 15:03:43.698,1.09375,1.09383,1.00,1.87
2016.09.13 15:03:43.775,1.09375,1.09381,1.00,1.00
2016.09.13 15:03:43.826,1.09375,1.09383,1.00,1.87
2016.09.13 15:03:43.877,1.09375,1.09383,1.00,1.75
2016.09.13 15:03:44.543,1.09375,1.09383,1.00,1.50
2016.09.13 15:03:44.645,1.09377,1.09385,1.00,1.87
2016.09.13 15:03:44.696,1.09378,1.09386,1.00,2.62
2016.09.13 15:03:44.747,1.09378,1.09387,1.00,3.00
2016.09.13 15:03:44.799,1.0938,1.09387,1.00,2.62
2016.09.13 15:03:44.901,1.0938,1.09388,1.00,2.25
2016.09.13 15:03:44.952,1.09381,1.09389,1.00,2.85
2016.09.13 15:03:45.003,1.09381,1.09389,1.00,1.87
2016.09.13 15:03:45.714,1.09381,1.09389,1.00,1.75
2016.09.13 15:03:46.248,1.0938,1.09388,1.00,1.75
2016.09.13 15:03:46.400,1.09379,1.09388,1.00,1.87
2016.09.13 15:03:46.502,1.09379,1.09386,1.00,1.00
2016.09.13 15:03:46.554,1.09379,1.09387,1.00,1.75
2016.09.13 15:03:47.846,1.09379,1.09387,1.00,1.87
2016.09.13 15:03:48.320,1.09378,1.09386,1.00,1.50
2016.09.13 15:03:48.371,1.09377,1.09385,1.00,1.12
2016.09.13 15:03:48.524,1.09376,1.09384,1.00,1.87
2016.09.13 15:03:48.576,1.09374,1.09382,1.00,1.00
2016.09.13 15:03:48.768,1.09374,1.09382,1.00,1.87
2016.09.13 15:03:48.837,1.09372,1.0938,1.00,1.12
2016.09.13 15:03:48.889,1.09372,1.0938,1.00,1.50
2016.09.13 15:03:48.940,1.09372,1.0938,1.00,1.75
2016.09.13 15:03:49.504,1.09373,1.09381,1.00,1.75
2016.09.13 15:03:53.018,1.09372,1.09381,1.00,1.75
2016.09.13 15:03:54.008,1.09372,1.09381,1.00,1.87
2016.09.13 15:03:54.059,1.09372,1.0938,1.00,1.50
2016.09.13 15:03:55.161,1.09372,1.09381,1.00,1.75
2016.09.13 15:03:55.212,1.09372,1.09379,1.00,1.00
2016.09.13 15:03:55.263,1.09373,1.09381,1.00,1.75
2016.09.13 15:03:55.314,1.09372,1.09381,1.00,1.87
2016.09.13 15:03:55.482,1.09372,1.09381,1.00,1.87
2016.09.13 15:03:55.536,1.09372,1.09381,1.00,1.75
2016.09.13 15:03:55.587,1.09372,1.09381,1.00,1.75
2016.09.13 15:03:56.204,1.09374,1.09382,1.00,2.62
2016.09.13 15:03:56.864,1.09374,1.09382,1.00,2.25
2016.09.13 15:03:56.966,1.09374,1.09382,1.00,1.75
2016.09.13 15:03:57.068,1.09374,1.09382,1.00,1.87
2016.09.13 15:03:57.772,1.09374,1.09382,1.00,1.75
2016.09.13 15:03:57.874,1.09375,1.09383,1.00,1.87
2016.09.13 15:03:57.977,1.09375,1.09383,1.00,1.12
2016.09.13 15:03:58.217,1.09376,1.09383,1.00,1.37
2016.09.13 15:03:58.268,1.09376,1.09384,1.00,1.87
2016.09.13 15:03:58.370,1.09376,1.09383,1.00,1.37
2016.09.13 15:03:58.472,1.09376,1.09384,1.00,1.87
2016.09.13 15:03:58.574,1.09374,1.09383,1.00,1.87
2016.09.13 15:03:58.625,1.09374,1.09382,1.00,1.50
2016.09.13 15:03:58.728,1.09374,1.09381,1.00,1.00
2016.09.13 15:03:58.893,1.09374,1.09382,1.00,1.75
2016.09.13 15:04:00.312,1.09374,1.09382,1.00,1.50
2016.09.13 15:04:00.761,1.09375,1.09383,1.00,1.75
2016.09.13 15:04:00.814,1.09374,1.09381,1.00,1.00
2016.09.13 15:04:00.866,1.09374,1.09383,1.00,1.75
2016.09.13 15:04:01.019,1.09374,1.09381,1.00,1.00
2016.09.13 15:04:01.070,1.09374,1.09383,1.00,1.75
2016.09.13 15:04:01.521,1.09375,1.09384,1.00,2.62
2016.09.13 15:04:01.572,1.09375,1.09384,1.00,1.87
2016.09.13 15:04:02.066,1.09376,1.09384,1.00,1.12
2016.09.13 15:04:02.784,1.09376,1.09384,1.00,1.87
2016.09.13 15:04:02.887,1.09376,1.09384,1.00,1.87
2016.09.13 15:04:05.163,1.09377,1.09385,1.00,1.87
2016.09.13 15:04:05.214,1.09378,1.09385,1.00,1.12
2016.09.13 15:04:05.566,1.09378,1.09386,1.00,2.62
2016.09.13 15:04:05.617,1.09378,1.09386,1.00,2.62
2016.09.13 15:04:06.025,1.09379,1.09383,1.00,1.00
2016.09.13 15:04:06.129,1.09378,1.09386,1.12,2.62
2016.09.13 15:04:06.884,1.09378,1.09386,1.00,2.62
2016.09.13 15:04:07.507,1.09377,1.09386,1.00,2.62
2016.09.13 15:04:08.511,1.09377,1.09386,1.00,2.25
2016.09.13 15:04:08.614,1.09378,1.09386,1.00,1.75
2016.09.13 15:04:08.666,1.09379,1.09387,1.00,1.87
2016.09.13 15:04:08.717,1.09378,1.09386,1.00,1.50
2016.09.13 15:04:08.824,1.09378,1.09385,1.00,1.00
2016.09.13 15:04:08.875,1.09378,1.09386,1.00,1.75
2016.09.13 15:04:09.659,1.09379,1.09387,1.00,1.87
2016.09.13 15:04:09.710,1.09379,1.09387,1.00,1.75
2016.09.13 15:04:09.812,1.09378,1.09386,1.00,1.50
2016.09.13 15:04:09.914,1.09378,1.09385,1.00,1.00
2016.09.13 15:04:09.966,1.09378,1.09386,1.00,1.87
2016.09.13 15:04:10.258,1.09378,1.09386,1.00,1.50
2016.09.13 15:04:10.312,1.09379,1.09387,1.00,1.12
2016.09.13 15:04:10.363,1.09379,1.09387,1.00,1.87
2016.09.13 15:04:10.466,1.09379,1.09387,1.00,1.12
2016.09.13 15:04:10.927,1.0938,1.09387,1.00,1.12
2016.09.13 15:04:12.410,1.09379,1.09387,1.00,1.12
2016.09.13 15:04:12.513,1.09381,1.09388,1.00,1.12
2016.09.13 15:04:12.668,1.09381,1.09388,1.00,1.37
2016.09.13 15:04:12.719,1.09381,1.09388,1.00,1.00
2016.09.13 15:04:12.821,1.09382,1.09389,1.00,1.50
2016.09.13 15:04:12.872,1.09382,1.09389,1.00,1.37
2016.09.13 15:04:12.923,1.09382,1.0939,1.00,1.87
2016.09.13 15:04:12.974,1.09382,1.09389,1.00,1.00
2016.09.13 15:04:13.026,1.09382,1.0939,1.00,1.87
2016.09.13 15:04:13.801,1.09382,1.0939,1.00,1.37
2016.09.13 15:04:14.360,1.09382,1.09391,1.00,1.75
2016.09.13 15:04:15.447,1.09382,1.09391,1.00,1.87
2016.09.13 15:04:16.039,1.09383,1.09391,1.00,1.87
2016.09.13 15:04:16.357,1.09383,1.09391,1.00,1.75
2016.09.13 15:04:17.544,1.09382,1.09391,1.00,1.75
2016.09.13 15:04:20.114,1.09383,1.09391,1.00,1.75
2016.09.13 15:04:21.558,1.09382,1.0939,1.00,1.50
2016.09.13 15:04:22.069,1.09382,1.0939,1.00,1.12
2016.09.13 15:04:23.481,1.09382,1.09391,1.00,2.25
2016.09.13 15:04:23.533,1.09385,1.09391,1.00,1.50
2016.09.13 15:04:23.585,1.09385,1.09393,1.00,1.87
2016.09.13 15:04:23.637,1.09385,1.09393,1.00,1.75
2016.09.13 15:04:23.748,1.09385,1.09394,1.00,2.47
2016.09.13 15:04:23.800,1.09386,1.09394,1.00,1.50
2016.09.13 15:04:23.851,1.09386,1.09394,1.00,1.12
2016.09.13 15:04:25.039,1.09385,1.09393,1.00,1.00
2016.09.13 15:04:25.580,1.09384,1.09392,1.00,1.00
2016.09.13 15:04:25.632,1.09383,1.09391,1.50,1.00
2016.09.13 15:04:25.826,1.09383,1.09391,1.00,1.00
2016.09.13 15:04:25.879,1.09383,1.09392,1.00,1.12
2016.09.13 15:04:26.677,1.09383,1.09392,1.00,1.50
2016.09.13 15:04:26.779,1.09383,1.09392,1.00,1.87
2016.09.13 15:04:27.314,1.09382,1.0939,1.87,1.00
2016.09.13 15:04:27.416,1.09382,1.0939,1.12,1.12
2016.09.13 15:04:27.605,1.09381,1.09389,1.87,1.00
2016.09.13 15:04:28.266,1.09379,1.09387,2.25,1.00
2016.09.13 15:04:28.318,1.09379,1.09387,1.37,1.00
2016.09.13 15:04:28.369,1.09377,1.09386,3.00,1.00
2016.09.13 15:04:28.420,1.09377,1.09386,2.25,1.00
2016.09.13 15:04:28.563,1.09377,1.09386,2.25,2.62
2016.09.13 15:04:28.614,1.09377,1.09384,1.37,1.00
2016.09.13 15:04:28.665,1.09375,1.09383,1.50,1.00
2016.09.13 15:04:28.716,1.09375,1.09383,1.12,1.00
2016.09.13 15:04:29.359,1.09376,1.09384,1.50,1.12
2016.09.13 15:04:29.410,1.09376,1.09385,1.87,1.50
2016.09.13 15:04:29.462,1.09378,1.09385,1.00,1.50
2016.09.13 15:04:29.565,1.09378,1.09386,1.00,1.87
2016.09.13 15:04:29.616,1.09378,1.09386,1.50,1.75
2016.09.13 15:04:29.667,1.09378,1.09386,1.00,1.75
2016.09.13 15:04:29.821,1.09378,1.09387,1.37,1.50
2016.09.13 15:04:29.872,1.09378,1.09387,1.37,1.12
2016.09.13 15:04:29.924,1.09378,1.09386,1.12,1.00
2016.09.13 15:04:30.167,1.09378,1.09386,1.00,1.00
2016.09.13 15:04:30.676,1.09377,1.09385,1.00,1.00
2016.09.13 15:04:33.311,1.09377,1.09386,1.00,1.12
2016.09.13 15:04:33.414,1.09378,1.09387,1.00,1.87
2016.09.13 15:04:33.466,1.09378,1.09387,1.12,1.87
2016.09.13 15:04:33.883,1.09379,1.09386,1.00,1.00
2016.09.13 15:04:33.934,1.09379,1.09387,1.00,1.37
2016.09.13 15:04:33.986,1.09379,1.09387,1.00,1.37
2016.09.13 15:04:34.037,1.09379,1.09388,1.00,2.62
2016.09.13 15:04:34.089,1.09379,1.09388,1.00,4.35
2016.09.13 15:04:34.140,1.09379,1.09387,1.00,1.87
2016.09.13 15:04:34.241,1.09379,1.09388,1.00,3.22
2016.09.13 15:04:34.293,1.0938,1.09389,1.00,2.62
2016.09.13 15:04:34.395,1.0938,1.09389,1.00,1.87
2016.09.13 15:04:34.446,1.09381,1.09389,1.00,1.75
2016.09.13 15:04:34.627,1.09381,1.09389,1.00,1.37
2016.09.13 15:04:34.678,1.09381,1.09389,1.00,1.00
2016.09.13 15:04:34.831,1.09382,1.0939,1.00,1.12
2016.09.13 15:04:35.035,1.09383,1.09391,1.00,1.50
2016.09.13 15:04:35.611,1.09382,1.09391,1.00,1.50
2016.09.13 15:04:35.765,1.09382,1.0939,1.00,1.12
2016.09.13 15:04:35.816,1.09383,1.09391,1.00,1.50
2016.09.13 15:04:35.918,1.09382,1.0939,1.00,1.12
2016.09.13 15:04:36.071,1.09382,1.09391,1.00,2.25
2016.09.13 15:04:36.307,1.09383,1.0939,1.00,1.00
2016.09.13 15:04:36.359,1.09384,1.09392,1.00,1.50
2016.09.13 15:04:36.410,1.09386,1.09393,1.00,1.37
2016.09.13 15:04:36.461,1.09387,1.09395,1.00,4.50
2016.09.13 15:04:36.512,1.09389,1.09393,1.00,1.00
2016.09.13 15:04:36.563,1.09388,1.09397,1.00,4.50
2016.09.13 15:04:36.614,1.09388,1.09397,1.00,3.75
2016.09.13 15:04:36.666,1.09389,1.09397,1.00,1.12
2016.09.13 15:04:36.717,1.09389,1.09397,1.00,1.37
2016.09.13 15:04:36.768,1.0939,1.09398,1.00,3.00
2016.09.13 15:04:36.819,1.09389,1.09398,1.00,1.87
2016.09.13 15:04:37.004,1.09389,1.09397,1.00,1.12
2016.09.13 15:04:37.055,1.09387,1.09395,1.00,1.00
2016.09.13 15:04:38.107,1.09387,1.09396,1.00,1.12
2016.09.13 15:04:38.842,1.09386,1.09395,1.00,1.00
2016.09.13 15:04:39.746,1.09389,1.09397,1.00,2.25
2016.09.13 15:04:39.797,1.09389,1.09397,1.00,1.50
2016.09.13 15:04:39.900,1.09389,1.09397,1.00,1.37
2016.09.13 15:04:39.951,1.09389,1.09397,1.00,1.00
2016.09.13 15:04:40.002,1.0939,1.09398,1.00,1.12
2016.09.13 15:04:40.154,1.0939,1.09398,1.00,1.00
2016.09.13 15:04:41.857,1.09389,1.09397,1.00,1.00
2016.09.13 15:04:42.389,1.0939,1.09398,1.00,1.00
2016.09.13 15:04:43.086,1.09389,1.09397,1.00,1.00
2016.09.13 15:04:43.137,1.09389,1.09397,1.50,1.00
2016.09.13 15:04:43.188,1.09389,1.09397,2.25,1.00
2016.09.13 15:04:43.239,1.09389,1.09397,1.50,1.00
2016.09.13 15:04:43.290,1.09389,1.09397,1.00,1.00
2016.09.13 15:04:44.192,1.09389,1.09398,1.00,1.00
2016.09.13 15:04:44.244,1.09389,1.09397,1.37,1.00
2016.09.13 15:04:44.346,1.09389,1.09397,1.00,1.00
2016.09.13 15:04:44.532,1.09389,1.09397,1.87,1.00
2016.09.13 15:04:44.583,1.0939,1.09398,1.37,1.00
2016.09.13 15:04:44.840,1.0939,1.09399,1.00,1.00
2016.09.13 15:04:44.892,1.09391,1.09399,1.00,1.12
2016.09.13 15:04:44.944,1.09391,1.094,1.00,1.50
2016.09.13 15:04:45.047,1.09391,1.094,1.50,1.37
2016.09.13 15:04:45.236,1.09392,1.09401,1.87,1.37
2016.09.13 15:04:45.288,1.09394,1.09403,1.00,1.75
2016.09.13 15:04:45.339,1.09394,1.09403,1.00,1.50
2016.09.13 15:04:45.442,1.09394,1.09403,1.87,1.87
2016.09.13 15:04:45.544,1.09394,1.09403,1.87,1.50
2016.09.13 15:04:45.646,1.09394,1.09403,1.87,1.87
2016.09.13 15:04:45.850,1.09394,1.09403,2.25,1.87
2016.09.13 15:04:46.019,1.09397,1.09403,1.37,1.50
2016.09.13 15:04:46.865,1.09394,1.09402,1.00,1.00
2016.09.13 15:04:46.928,1.09392,1.094,1.87,1.00
2016.09.13 15:04:47.030,1.09392,1.094,1.37,1.00
2016.09.13 15:04:47.081,1.09392,1.094,1.12,1.00
2016.09.13 15:04:47.133,1.09391,1.094,2.62,1.00
2016.09.13 15:04:47.237,1.09391,1.094,1.87,1.00
2016.09.13 15:04:47.441,1.09392,1.094,1.12,1.00
2016.09.13 15:04:48.245,1.09392,1.094,1.75,1.00
2016.09.13 15:04:48.347,1.09391,1.094,1.00,1.00
2016.09.13 15:04:48.848,1.09391,1.09399,1.00,1.00
2016.09.13 15:04:51.297,1.09391,1.094,1.00,1.00
2016.09.13 15:04:51.643,1.09391,1.09399,1.00,1.12
2016.09.13 15:04:51.695,1.09391,1.09399,1.00,1.00
2016.09.13 15:04:53.513,1.09391,1.094,1.00,1.12
2016.09.13 15:04:53.616,1.09391,1.09399,1.00,1.00
2016.09.13 15:04:54.217,1.0939,1.09398,1.00,1.00
2016.09.13 15:04:55.019,1.0939,1.09399,1.00,1.00
2016.09.13 15:04:56.564,1.0939,1.09398,1.00,1.00
2016.09.13 15:04:57.033,1.09391,1.094,1.00,1.12
2016.09.13 15:05:00.181,1.09391,1.09399,1.00,1.00
2016.09.13 15:05:01.325,1.0939,1.09399,1.00,1.00
2016.09.13 15:05:02.829,1.09391,1.09399,1.00,1.00
2016.09.13 15:05:03.524,1.0939,1.09399,1.00,1.00
2016.09.13 15:05:04.026,1.0939,1.09398,1.00,1.00
2016.09.13 15:05:04.591,1.09389,1.09398,1.00,1.00
2016.09.13 15:05:04.723,1.09389,1.09398,1.00,1.12
2016.09.13 15:05:04.774,1.09388,1.09397,1.50,1.00
2016.09.13 15:05:04.927,1.09388,1.09396,1.00,1.00
2016.09.13 15:05:05.847,1.09387,1.09396,1.00,1.00
2016.09.13 15:05:05.908,1.09389,1.09397,1.00,1.12
2016.09.13 15:05:06.215,1.09388,1.09397,1.00,1.00
2016.09.13 15:05:07.018,1.09388,1.09397,1.00,1.12
2016.09.13 15:05:07.069,1.09388,1.09396,1.00,1.00
2016.09.13 15:05:07.222,1.09389,1.09397,1.00,1.12
2016.09.13 15:05:07.737,1.09389,1.09398,1.00,1.12
2016.09.13 15:05:08.042,1.0939,1.09398,1.00,1.00
2016.09.13 15:05:08.144,1.0939,1.09398,1.00,1.12
2016.09.13 15:05:08.626,1.0939,1.09399,1.00,1.50
2016.09.13 15:05:08.677,1.09391,1.09399,1.00,1.37
2016.09.13 15:05:08.728,1.09391,1.09399,1.00,1.12
2016.09.13 15:05:09.389,1.09392,1.094,1.00,1.50
2016.09.13 15:05:09.544,1.09391,1.09399,1.50,1.12
2016.09.13 15:05:09.595,1.09391,1.09399,1.00,1.12
2016.09.13 15:05:09.750,1.0939,1.09398,1.00,1.00
2016.09.13 15:05:09.998,1.09388,1.09397,2.25,1.00
2016.09.13 15:05:10.051,1.09388,1.09397,1.00,1.00
2016.09.13 15:05:10.204,1.09387,1.09396,1.00,1.12
2016.09.13 15:05:10.745,1.09387,1.09395,1.00,1.12
2016.09.13 15:05:10.796,1.09388,1.09396,1.00,1.50
2016.09.13 15:05:11.000,1.09388,1.09396,1.00,1.37
2016.09.13 15:05:11.052,1.09387,1.09396,1.00,1.12
2016.09.13 15:05:11.847,1.09388,1.09396,1.00,1.12
2016.09.13 15:05:11.900,1.09388,1.09397,1.00,1.50
2016.09.13 15:05:12.233,1.09388,1.09396,1.00,1.12
2016.09.13 15:05:12.641,1.09388,1.09397,1.00,1.50
2016.09.13 15:05:13.392,1.09389,1.09397,1.00,1.50
2016.09.13 15:05:13.494,1.09389,1.09397,1.00,1.37
2016.09.13 15:05:13.545,1.09389,1.09398,1.00,1.12
2016.09.13 15:05:14.263,1.0939,1.09398,1.00,1.12
2016.09.13 15:05:14.904,1.09391,1.094,1.00,1.87
2016.09.13 15:05:15.058,1.09392,1.09401,1.00,2.25
2016.09.13 15:05:15.160,1.09393,1.09401,1.00,1.87
2016.09.13 15:05:15.716,1.09393,1.09401,1.00,1.50
2016.09.13 15:05:15.869,1.09392,1.09401,1.00,1.87
2016.09.13 15:05:15.972,1.09392,1.09401,1.00,1.50
2016.09.13 15:05:16.125,1.09392,1.094,1.00,1.12
2016.09.13 15:05:17.572,1.09391,1.09399,1.00,1.00
2016.09.13 15:05:20.942,1.09391,1.094,1.50,1.12
2016.09.13 15:05:21.046,1.09392,1.094,1.00,1.00
2016.09.13 15:05:21.304,1.09392,1.09401,1.12,1.00
2016.09.13 15:05:21.408,1.09392,1.09401,1.87,1.00
2016.09.13 15:05:21.510,1.09392,1.09401,1.12,1.00
2016.09.13 15:05:21.614,1.09392,1.09401,1.00,1.00
2016.09.13 15:05:22.134,1.09392,1.094,1.00,1.00
2016.09.13 15:05:22.338,1.09393,1.09402,1.00,1.12
2016.09.13 15:05:22.573,1.09394,1.09403,1.00,1.50
2016.09.13 15:05:22.624,1.09396,1.09404,1.00,1.12
2016.09.13 15:05:22.675,1.09396,1.09404,1.00,1.00
2016.09.13 15:05:26.075,1.09395,1.09404,1.00,1.00
2016.09.13 15:05:29.445,1.09396,1.09405,1.00,1.12
2016.09.13 15:05:29.756,1.09396,1.09405,1.00,1.00
2016.09.13 15:05:30.456,1.09397,1.09406,1.00,1.12
2016.09.13 15:05:30.558,1.09398,1.09406,1.00,1.50
2016.09.13 15:05:31.037,1.09398,1.09406,1.00,1.87
2016.09.13 15:05:31.093,1.09397,1.09405,1.00,1.12
2016.09.13 15:05:31.144,1.09397,1.09405,1.00,1.00
2016.09.13 15:05:32.019,1.09397,1.09406,1.00,1.12
2016.09.13 15:05:32.172,1.09398,1.09407,1.00,1.50
2016.09.13 15:05:32.273,1.09398,1.09407,1.00,1.12
2016.09.13 15:05:32.518,1.09397,1.09406,1.00,1.00
2016.09.13 15:05:32.671,1.09398,1.09407,1.00,1.87
2016.09.13 15:05:33.081,1.09398,1.09407,1.00,2.25
2016.09.13 15:05:33.767,1.09398,1.09407,1.00,1.87
2016.09.13 15:05:35.067,1.09398,1.09407,1.50,1.87
2016.09.13 15:05:35.118,1.09399,1.09408,1.00,2.62
2016.09.13 15:05:35.224,1.09398,1.09407,1.87,1.12
2016.09.13 15:05:35.385,1.09398,1.09407,1.87,1.50
2016.09.13 15:05:36.529,1.09398,1.09405,1.12,1.00
2016.09.13 15:05:36.580,1.09395,1.09404,2.62,1.00
2016.09.13 15:05:36.631,1.09395,1.09404,1.12,1.00
2016.09.13 15:05:36.733,1.09395,1.09404,1.12,1.50
2016.09.13 15:05:36.784,1.09395,1.09404,1.00,1.50
2016.09.13 15:05:36.835,1.09395,1.09404,1.00,1.00
2016.09.13 15:05:36.988,1.09395,1.09404,1.00,1.12
2016.09.13 15:05:37.335,1.09397,1.09405,1.00,1.12
2016.09.13 15:05:37.387,1.09397,1.09406,1.00,1.50
2016.09.13 15:05:37.693,1.09398,1.09407,1.00,2.62
2016.09.13 15:05:37.744,1.09397,1.09406,1.00,1.50
2016.09.13 15:05:37.795,1.09397,1.09406,1.00,1.87
2016.09.13 15:05:38.012,1.09397,1.09406,1.00,1.50
2016.09.13 15:05:38.422,1.09397,1.09405,1.00,1.12
2016.09.13 15:05:39.612,1.09397,1.09406,1.00,1.50
2016.09.13 15:05:39.914,1.094,1.09409,1.00,1.50
2016.09.13 15:05:40.017,1.09399,1.09408,1.00,1.00
2016.09.13 15:05:40.068,1.09399,1.09408,1.00,2.10
2016.09.13 15:05:40.120,1.09398,1.09407,1.00,1.00
2016.09.13 15:05:40.172,1.09398,1.09407,1.00,1.72
2016.09.13 15:05:40.224,1.09398,1.09406,1.00,1.00
2016.09.13 15:05:40.791,1.09397,1.09406,1.00,1.00
2016.09.13 15:05:41.596,1.09392,1.09397,1.50,1.37
2016.09.13 15:05:41.647,1.09389,1.09396,1.00,2.25
2016.09.13 15:05:41.699,1.0938,1.09384,1.50,1.00
2016.09.13 15:05:41.750,1.09381,1.09386,1.00,1.72
2016.09.13 15:05:41.802,1.09376,1.09386,2.62,1.72
2016.09.13 15:05:41.853,1.09376,1.09386,2.62,2.47
2016.09.13 15:05:41.904,1.09374,1.09386,1.50,2.85
2016.09.13 15:05:42.006,1.09374,1.09386,1.00,3.60
2016.09.13 15:05:42.058,1.09374,1.09385,1.00,1.00
2016.09.13 15:05:42.109,1.09374,1.09386,1.00,2.85
2016.09.13 15:05:42.160,1.09375,1.09383,1.00,1.00
2016.09.13 15:05:43.490,1.09375,1.09384,1.00,1.00
2016.09.13 15:05:43.542,1.09376,1.09385,1.00,1.12
2016.09.13 15:05:43.593,1.09376,1.09385,1.00,1.00
2016.09.13 15:05:43.746,1.09377,1.09386,1.00,1.12
2016.09.13 15:05:43.798,1.09377,1.09386,1.00,1.00
2016.09.13 15:05:44.075,1.09377,1.09386,1.12,1.00
2016.09.13 15:05:44.177,1.09377,1.09385,1.00,1.00
2016.09.13 15:05:44.712,1.09376,1.09385,1.00,1.00
2016.09.13 15:05:45.469,1.09377,1.09385,1.00,1.00
2016.09.13 15:05:45.798,1.09379,1.09387,1.00,1.00
2016.09.13 15:05:46.135,1.09378,1.09386,1.12,1.00
2016.09.13 15:05:46.288,1.09378,1.09384,1.00,1.00
2016.09.13 15:05:46.390,1.09376,1.09384,1.00,1.00
2016.09.13 15:05:46.493,1.09375,1.09384,1.12,1.00
2016.09.13 15:05:47.025,1.09374,1.09383,2.25,1.00
2016.09.13 15:05:47.229,1.09374,1.09383,1.50,1.00
2016.09.13 15:05:47.535,1.09375,1.09384,1.12,1.00
2016.09.13 15:05:47.815,1.09375,1.09384,1.87,1.00
2016.09.13 15:05:47.866,1.09376,1.09385,1.00,1.00
2016.09.13 15:05:47.969,1.09376,1.09385,1.50,1.00
2016.09.13 15:05:48.020,1.09377,1.09385,1.00,1.00
2016.09.13 15:05:48.531,1.09376,1.09385,1.00,1.00
2016.09.13 15:05:48.823,1.09376,1.09385,1.50,1.00
2016.09.13 15:05:48.875,1.09377,1.09386,1.50,1.12
2016.09.13 15:05:49.028,1.09377,1.09385,1.00,1.00
2016.09.13 15:05:49.427,1.09375,1.09384,1.12,1.00
2016.09.13 15:05:49.481,1.09374,1.09382,1.50,1.00
2016.09.13 15:05:49.585,1.09375,1.09384,1.00,1.00
2016.09.13 15:05:49.688,1.09375,1.09385,1.00,1.72
2016.09.13 15:05:49.739,1.09375,1.09384,1.00,1.00
2016.09.13 15:05:50.112,1.09375,1.09383,1.12,1.00
2016.09.13 15:05:50.216,1.09374,1.09383,1.87,1.00
2016.09.13 15:05:50.319,1.09375,1.09384,1.00,1.00
2016.09.13 15:05:51.031,1.09375,1.09383,1.00,1.00
2016.09.13 15:05:51.388,1.09373,1.09382,1.00,1.00
2016.09.13 15:05:52.498,1.09373,1.09381,1.00,1.00
2016.09.13 15:05:53.334,1.09375,1.09383,1.00,2.10
2016.09.13 15:05:53.385,1.09375,1.09383,1.00,1.35
2016.09.13 15:05:53.436,1.09376,1.09385,1.00,1.75
2016.09.13 15:05:53.487,1.09376,1.09385,1.00,1.37
2016.09.13 15:05:53.538,1.09376,1.09385,1.00,1.00
2016.09.13 15:05:54.133,1.09376,1.09385,1.50,1.00
2016.09.13 15:05:54.388,1.09377,1.09385,1.00,1.00
2016.09.13 15:05:55.196,1.09377,1.09386,1.00,1.00
2016.09.13 15:05:56.644,1.09378,1.09386,1.00,1.00
2016.09.13 15:05:57.156,1.09379,1.09387,1.00,1.00
2016.09.13 15:05:57.386,1.09379,1.09387,1.00,1.12
2016.09.13 15:05:57.438,1.09379,1.09387,1.00,1.00
2016.09.13 15:05:58.018,1.09378,1.09387,1.00,1.00
2016.09.13 15:05:58.222,1.09378,1.09387,1.12,1.00
2016.09.13 15:05:58.476,1.09379,1.09388,1.00,1.00
2016.09.13 15:05:58.681,1.09379,1.09388,1.12,1.00
2016.09.13 15:05:58.974,1.0938,1.09388,1.00,1.00
2016.09.13 15:05:59.178,1.09379,1.09388,1.12,1.00
2016.09.13 15:05:59.230,1.09379,1.09387,1.00,1.00
2016.09.13 15:06:01.571,1.09378,1.09386,1.12,1.00
2016.09.13 15:06:01.622,1.09376,1.09385,1.12,1.00
2016.09.13 15:06:01.674,1.09375,1.09383,1.50,1.00
2016.09.13 15:06:01.725,1.09375,1.09383,1.00,1.00
2016.09.13 15:06:01.878,1.09374,1.09383,1.87,1.00
2016.09.13 15:06:01.930,1.09374,1.09383,1.50,1.00
2016.09.13 15:06:02.032,1.09374,1.09383,1.87,1.00
2016.09.13 15:06:02.217,1.09374,1.09383,2.62,1.00
2016.09.13 15:06:02.268,1.09375,1.09383,1.00,1.00
2016.09.13 15:06:02.526,1.09375,1.09384,1.00,1.50
2016.09.13 15:06:02.784,1.09376,1.09384,1.00,1.00
2016.09.13 15:06:02.987,1.09376,1.09384,1.50,1.00
2016.09.13 15:06:04.522,1.09375,1.09383,1.00,1.00
2016.09.13 15:06:04.573,1.09374,1.09383,1.12,1.00
2016.09.13 15:06:04.675,1.09373,1.09382,3.00,1.00
2016.09.13 15:06:04.869,1.09372,1.09381,1.50,1.00
2016.09.13 15:06:05.807,1.09372,1.09381,1.00,1.00
2016.09.13 15:06:06.011,1.09371,1.0938,1.12,1.00
2016.09.13 15:06:06.698,1.09372,1.0938,1.50,1.00
2016.09.13 15:06:07.005,1.09372,1.0938,1.00,1.00
2016.09.13 15:06:07.539,1.09372,1.09381,1.00,1.00
2016.09.13 15:06:07.590,1.09372,1.09381,1.00,1.37
2016.09.13 15:06:07.642,1.09372,1.0938,1.00,1.35
2016.09.13 15:06:07.693,1.09371,1.0938,1.12,2.47
2016.09.13 15:06:07.744,1.09369,1.09377,1.50,1.00
2016.09.13 15:06:07.795,1.09368,1.09377,2.25,1.00
2016.09.13 15:06:07.946,1.09368,1.09377,1.87,1.00
2016.09.13 15:06:07.997,1.09368,1.09377,1.50,1.00
2016.09.13 15:06:08.048,1.09368,1.09377,1.87,1.00
2016.09.13 15:06:08.490,1.09368,1.09377,1.12,1.00
2016.09.13 15:06:08.764,1.09368,1.09377,1.00,1.00
2016.09.13 15:06:08.816,1.09368,1.09377,1.50,1.00
2016.09.13 15:06:09.610,1.09369,1.09378,1.00,1.00
2016.09.13 15:06:09.869,1.09369,1.09378,1.12,1.00
2016.09.13 15:06:09.920,1.09368,1.09377,1.50,1.00
2016.09.13 15:06:09.972,1.09368,1.09377,1.12,1.00
2016.09.13 15:06:10.023,1.09368,1.09377,1.00,1.00
2016.09.13 15:06:10.361,1.09368,1.09377,2.25,1.00
2016.09.13 15:06:10.413,1.0937,1.09378,1.00,1.00
2016.09.13 15:06:10.567,1.09368,1.09376,2.62,1.00
2016.09.13 15:06:10.619,1.09368,1.09377,1.12,1.00
2016.09.13 15:06:10.773,1.09368,1.09377,2.62,1.00
2016.09.13 15:06:11.152,1.09369,1.09378,1.00,1.00
2016.09.13 15:06:11.305,1.09369,1.09378,1.50,1.00
2016.09.13 15:06:11.612,1.09369,1.09378,1.00,1.00
2016.09.13 15:06:11.868,1.09369,1.09376,1.00,1.00
2016.09.13 15:06:13.194,1.09369,1.09377,1.00,1.00
2016.09.13 15:06:14.696,1.09369,1.09377,2.25,1.00
2016.09.13 15:06:14.849,1.09369,1.09378,3.37,1.00
2016.09.13 15:06:14.902,1.0937,1.09378,1.00,1.00
2016.09.13 15:06:15.442,1.09371,1.09379,1.50,1.00
2016.09.13 15:06:15.493,1.09371,1.09379,1.00,1.00
2016.09.13 15:06:16.331,1.09371,1.0938,1.00,1.00
2016.09.13 15:06:16.382,1.09371,1.09379,1.50,1.00
2016.09.13 15:06:16.484,1.09372,1.09379,1.00,1.00
2016.09.13 15:06:16.943,1.09375,1.09383,1.00,1.12
2016.09.13 15:06:17.001,1.09375,1.09383,1.00,1.12
2016.09.13 15:06:17.076,1.09375,1.09381,1.12,1.00
2016.09.13 15:06:17.128,1.09374,1.09381,1.37,1.00
2016.09.13 15:06:17.620,1.09372,1.0938,2.62,1.00
2016.09.13 15:06:17.671,1.09371,1.09379,1.50,1.00
2016.09.13 15:06:17.722,1.09371,1.09378,1.00,1.00
2016.09.13 15:06:17.876,1.09368,1.09376,3.00,1.00
2016.09.13 15:06:17.927,1.09368,1.09377,2.25,1.00
2016.09.13 15:06:17.978,1.09374,1.09378,1.12,1.00
2016.09.13 15:06:18.029,1.09374,1.09379,1.37,2.10
2016.09.13 15:06:18.184,1.09374,1.09379,1.37,1.12
2016.09.13 15:06:18.343,1.09375,1.0938,1.12,1.87
2016.09.13 15:06:18.395,1.09372,1.0938,1.87,1.12
2016.09.13 15:06:18.447,1.09372,1.0938,1.87,1.00
2016.09.13 15:06:18.500,1.09372,1.09381,2.62,1.00
2016.09.13 15:06:18.908,1.09372,1.09381,1.87,1.00
2016.09.13 15:06:18.959,1.09372,1.09381,1.12,1.00
2016.09.13 15:06:19.112,1.09371,1.0938,2.62,1.00
2016.09.13 15:06:20.085,1.09372,1.0938,1.12,1.00
2016.09.13 15:06:20.289,1.09372,1.0938,1.87,1.00
2016.09.13 15:06:20.444,1.09372,1.09381,1.87,1.12
2016.09.13 15:06:20.597,1.09373,1.09382,1.12,1.12
2016.09.13 15:06:20.648,1.09373,1.09382,1.12,1.00
2016.09.13 15:06:20.835,1.09374,1.09383,1.00,1.00
2016.09.13 15:06:21.191,1.09373,1.09382,1.12,1.00
2016.09.13 15:06:21.242,1.09374,1.09383,1.00,2.10
2016.09.13 15:06:21.293,1.09374,1.09382,1.00,1.50
2016.09.13 15:06:21.497,1.09374,1.09382,1.00,2.47
2016.09.13 15:06:21.718,1.09374,1.09382,1.00,1.50
2016.09.13 15:06:21.769,1.09373,1.09382,1.12,1.50
2016.09.13 15:06:22.281,1.09373,1.09382,1.12,2.10
2016.09.13 15:06:22.384,1.09373,1.09382,1.12,2.47
2016.09.13 15:06:22.683,1.09373,1.09381,1.12,1.37
2016.09.13 15:06:22.853,1.09374,1.09381,1.00,1.37
2016.09.13 15:06:22.904,1.09374,1.09381,1.12,1.37
2016.09.13 15:06:23.057,1.09374,1.09382,1.12,2.25
2016.09.13 15:06:23.108,1.09374,1.09381,1.12,1.00
2016.09.13 15:06:23.159,1.09375,1.09382,1.00,1.37
2016.09.13 15:06:24.775,1.09374,1.09382,1.00,1.87
2016.09.13 15:06:24.826,1.09372,1.0938,1.87,1.72
2016.09.13 15:06:24.877,1.09372,1.0938,1.00,3.22
2016.09.13 15:06:24.929,1.09371,1.09379,1.00,1.30
2016.09.13 15:06:24.980,1.09371,1.09379,1.00,1.72
2016.09.13 15:06:25.082,1.09372,1.09379,1.00,1.67
2016.09.13 15:06:25.133,1.09372,1.0938,1.00,2.10
2016.09.13 15:06:25.426,1.09372,1.0938,1.00,3.60
2016.09.13 15:06:25.682,1.09375,1.09379,1.00,1.00
2016.09.13 15:06:25.784,1.09376,1.0938,1.00,1.50
2016.09.13 15:06:25.835,1.09377,1.09381,1.00,1.00
2016.09.13 15:06:26.147,1.09377,1.09382,1.00,1.00
2016.09.13 15:06:26.199,1.09379,1.09383,1.00,1.35
2016.09.13 15:06:26.303,1.09379,1.09383,1.00,1.72
2016.09.13 15:06:26.406,1.09378,1.09383,1.12,1.30
2016.09.13 15:06:26.458,1.09378,1.09384,1.12,1.00
2016.09.13 15:06:26.687,1.09377,1.09385,1.87,1.12
2016.09.13 15:06:26.738,1.09377,1.09384,1.00,1.30
2016.09.13 15:06:26.790,1.09377,1.09384,1.00,1.67
2016.09.13 15:06:26.892,1.09377,1.09384,1.00,1.72
2016.09.13 15:06:26.994,1.09377,1.09384,1.00,1.72
2016.09.13 15:06:27.045,1.09377,1.09385,1.00,1.87
2016.09.13 15:06:27.257,1.09376,1.09384,1.00,1.00
2016.09.13 15:06:27.311,1.09376,1.09384,1.00,1.12
2016.09.13 15:06:27.415,1.09376,1.09384,1.00,3.22
2016.09.13 15:06:27.517,1.09376,1.09384,1.00,2.85
2016.09.13 15:06:27.568,1.09375,1.09383,1.00,1.12
2016.09.13 15:06:27.721,1.09375,1.09383,1.00,2.47
2016.09.13 15:06:27.952,1.09375,1.09383,1.00,2.85
2016.09.13 15:06:28.521,1.09375,1.09383,1.00,1.87
2016.09.13 15:06:28.805,1.09377,1.09383,1.00,1.37
2016.09.13 15:06:28.856,1.09376,1.09384,1.00,2.25
2016.09.13 15:06:28.907,1.09376,1.09384,1.00,1.12
2016.09.13 15:06:29.061,1.09376,1.09384,1.00,1.12
2016.09.13 15:06:29.112,1.09376,1.09384,1.00,1.00
2016.09.13 15:06:29.163,1.09376,1.09385,1.00,2.25
2016.09.13 15:06:29.214,1.09376,1.09385,1.00,1.87
2016.09.13 15:06:29.377,1.09376,1.09385,1.00,1.50
2016.09.13 15:06:29.481,1.09377,1.09385,1.00,1.00
2016.09.13 15:06:29.941,1.09377,1.09386,1.00,3.97
2016.09.13 15:06:29.992,1.09377,1.09386,1.00,3.60
2016.09.13 15:06:30.173,1.09377,1.09386,1.00,2.85
2016.09.13 15:06:30.529,1.09378,1.09386,1.00,1.87
2016.09.13 15:06:30.632,1.09378,1.09386,1.00,3.60
2016.09.13 15:06:30.683,1.09378,1.09385,1.00,1.00
2016.09.13 15:06:30.854,1.09378,1.09386,1.00,3.97
2016.09.13 15:06:30.905,1.09378,1.09385,1.00,1.00
2016.09.13 15:06:30.956,1.09379,1.09386,1.00,2.25
2016.09.13 15:06:31.008,1.09381,1.09386,1.00,1.87
2016.09.13 15:06:31.059,1.09381,1.09387,1.00,1.12
2016.09.13 15:06:31.110,1.09382,1.09386,1.00,1.00
2016.09.13 15:06:31.162,1.09381,1.09389,1.00,2.25
2016.09.13 15:06:31.214,1.09381,1.09389,1.00,1.87
2016.09.13 15:06:31.265,1.09381,1.0939,1.00,3.75
2016.09.13 15:06:31.316,1.09381,1.0939,1.00,1.87
2016.09.13 15:06:31.468,1.09383,1.0939,1.00,1.37
2016.09.13 15:06:31.630,1.09383,1.09391,1.00,1.12
2016.09.13 15:06:31.733,1.09384,1.09391,1.00,1.00
2016.09.13 15:06:31.886,1.09384,1.09392,1.00,3.97
2016.09.13 15:06:31.937,1.09384,1.09392,1.00,3.60
2016.09.13 15:06:32.731,1.09382,1.0939,1.00,1.00
2016.09.13 15:06:32.782,1.09383,1.09391,1.00,2.25
2016.09.13 15:06:32.834,1.09384,1.09392,1.00,5.47
2016.09.13 15:06:32.887,1.09383,1.09391,1.00,1.00
2016.09.13 15:06:32.989,1.09384,1.09392,1.00,3.97
2016.09.13 15:06:33.167,1.09383,1.09392,1.00,3.97
2016.09.13 15:06:33.222,1.09383,1.09391,1.37,1.35
2016.09.13 15:06:33.274,1.09383,1.09391,1.50,2.85
2016.09.13 15:06:33.376,1.09383,1.09391,1.00,2.10
2016.09.13 15:06:33.581,1.09384,1.09391,1.00,1.35
2016.09.13 15:06:34.097,1.09383,1.09391,1.00,1.35
2016.09.13 15:06:34.147,1.09383,1.09391,1.00,2.10
2016.09.13 15:06:34.351,1.09383,1.09391,1.00,1.12
2016.09.13 15:06:34.402,1.09384,1.09392,1.00,3.60
2016.09.13 15:06:34.505,1.09384,1.09392,1.00,3.60
2016.09.13 15:06:34.787,1.09384,1.09391,1.00,1.35
2016.09.13 15:06:35.144,1.09384,1.09392,1.00,3.60
2016.09.13 15:06:36.077,1.09384,1.09391,1.00,1.35
2016.09.13 15:06:36.281,1.09383,1.09391,1.00,2.85
2016.09.13 15:06:36.452,1.09383,1.09391,1.00,3.22
2016.09.13 15:06:36.606,1.09383,1.09391,1.00,2.47
2016.09.13 15:06:36.760,1.09383,1.09391,1.00,1.72
2016.09.13 15:06:36.864,1.09383,1.09391,1.00,2.47
2016.09.13 15:06:37.018,1.09383,1.09391,1.00,2.10
2016.09.13 15:06:37.070,1.09383,1.09391,1.00,1.35
2016.09.13 15:06:37.228,1.09383,1.09392,1.00,2.85
2016.09.13 15:06:37.285,1.09383,1.09391,1.00,1.12
2016.09.13 15:06:37.592,1.09384,1.09392,1.00,1.37
2016.09.13 15:06:37.694,1.09384,1.09393,1.00,3.22
2016.09.13 15:06:37.745,1.09384,1.09393,1.00,2.47
2016.09.13 15:06:37.949,1.09384,1.09393,1.00,1.50
2016.09.13 15:06:39.243,1.09384,1.09393,1.00,1.87
2016.09.13 15:06:39.294,1.09385,1.09392,1.00,1.35
2016.09.13 15:06:40.589,1.09385,1.09393,1.00,3.60
2016.09.13 15:06:40.691,1.09385,1.09392,1.00,1.35
2016.09.13 15:06:41.210,1.09384,1.09392,1.00,1.72
2016.09.13 15:06:41.382,1.09384,1.09392,1.00,1.30
2016.09.13 15:06:42.059,1.09383,1.09391,1.00,2.47
2016.09.13 15:06:42.119,1.09383,1.09391,1.00,2.85
2016.09.13 15:06:42.309,1.09382,1.0939,1.12,1.00
2016.09.13 15:06:42.361,1.09382,1.09391,1.00,3.22
2016.09.13 15:06:42.869,1.09383,1.09391,1.00,3.22
2016.09.13 15:06:42.921,1.09384,1.09391,1.00,2.47
2016.09.13 15:06:42.972,1.09384,1.0939,1.00,1.30
2016.09.13 15:06:43.023,1.09383,1.0939,1.00,1.30
2016.09.13 15:06:43.818,1.09384,1.0939,1.00,1.30
2016.09.13 15:06:44.035,1.09384,1.09392,1.00,2.10
2016.09.13 15:06:44.137,1.09384,1.09392,1.00,2.47
2016.09.13 15:06:44.188,1.09384,1.09391,1.00,1.35
2016.09.13 15:06:44.239,1.09384,1.09391,1.00,1.30
2016.09.13 15:06:44.455,1.09384,1.09392,1.00,2.10
2016.09.13 15:06:45.925,1.09382,1.0939,1.12,1.12
2016.09.13 15:06:45.977,1.09382,1.0939,1.00,2.10
2016.09.13 15:06:46.080,1.09382,1.0939,1.00,1.12
2016.09.13 15:06:46.235,1.09384,1.09391,1.00,2.47
2016.09.13 15:06:46.286,1.09384,1.09392,1.00,3.97
2016.09.13 15:06:46.338,1.09385,1.09392,1.00,1.35
2016.09.13 15:06:46.867,1.09383,1.09392,1.00,2.10
2016.09.13 15:06:46.918,1.09383,1.09391,1.00,1.30
2016.09.13 15:06:47.071,1.09383,1.09392,1.00,2.10
2016.09.13 15:06:47.684,1.09384,1.09392,1.00,2.10
2016.09.13 15:06:47.735,1.09384,1.09392,1.00,2.47
2016.09.13 15:06:47.928,1.09383,1.0939,1.00,1.30
2016.09.13 15:06:47.979,1.09383,1.09391,1.00,1.12
2016.09.13 15:06:48.030,1.09383,1.09391,1.00,1.00
2016.09.13 15:06:48.248,1.09384,1.09392,1.00,1.67
2016.09.13 15:06:48.299,1.09383,1.09391,1.12,1.12
2016.09.13 15:06:48.401,1.09384,1.09391,1.00,1.35
2016.09.13 15:06:48.646,1.09383,1.09391,1.12,1.35
2016.09.13 15:06:48.850,1.09384,1.09391,1.00,1.35
2016.09.13 15:06:48.901,1.09382,1.09391,1.87,3.45
2016.09.13 15:06:48.953,1.09382,1.09389,1.37,1.12
2016.09.13 15:06:49.004,1.09382,1.09388,1.00,1.72
2016.09.13 15:06:49.055,1.09382,1.09388,1.00,2.10
2016.09.13 15:06:49.106,1.0938,1.09388,1.50,2.10
2016.09.13 15:06:49.157,1.0938,1.09388,1.00,2.10
2016.09.13 15:06:49.329,1.0938,1.09388,1.00,1.12
2016.09.13 15:06:49.386,1.0938,1.09389,1.00,2.66
2016.09.13 15:06:49.437,1.0938,1.09389,1.00,2.66
2016.09.13 15:06:49.900,1.09381,1.09389,1.00,2.66
2016.09.13 15:06:50.003,1.09381,1.09389,1.00,1.50
2016.09.13 15:06:50.172,1.09381,1.09389,1.00,2.85
2016.09.13 15:06:50.224,1.09382,1.09389,1.00,2.10
2016.09.13 15:06:50.275,1.09382,1.09389,1.00,1.37
2016.09.13 15:06:50.529,1.09382,1.09389,1.00,1.12
2016.09.13 15:06:50.631,1.09382,1.09389,1.00,1.00
2016.09.13 15:06:50.835,1.09382,1.0939,1.00,3.00
2016.09.13 15:06:50.886,1.09382,1.0939,1.00,3.22
2016.09.13 15:06:51.036,1.09382,1.0939,1.00,3.97
2016.09.13 15:06:51.088,1.0938,1.09388,1.00,1.30
2016.09.13 15:06:51.139,1.0938,1.09388,1.00,1.35
2016.09.13 15:06:52.213,1.0938,1.09387,1.00,1.30
2016.09.13 15:06:54.100,1.0938,1.09388,1.00,1.35
2016.09.13 15:06:55.360,1.0938,1.09388,1.00,1.67
2016.09.13 15:06:55.411,1.0938,1.09388,1.00,2.10
2016.09.13 15:06:55.463,1.0938,1.09388,1.00,2.47
2016.09.13 15:06:55.514,1.0938,1.09387,1.00,1.35
2016.09.13 15:06:55.617,1.0938,1.09388,1.00,1.72
2016.09.13 15:06:55.668,1.0938,1.09388,1.00,1.35
2016.09.13 15:06:55.721,1.0938,1.09388,1.00,1.35
2016.09.13 15:06:55.824,1.09379,1.09387,1.12,1.00
2016.09.13 15:06:55.876,1.09379,1.09387,1.12,2.10
2016.09.13 15:06:56.040,1.09379,1.09387,1.00,2.10
2016.09.13 15:06:56.143,1.09379,1.09387,1.00,2.10
2016.09.13 15:06:56.349,1.09379,1.09387,1.00,2.10
2016.09.13 15:06:56.401,1.09381,1.09388,1.00,2.47
2016.09.13 15:06:56.452,1.09381,1.09388,1.00,1.35
2016.09.13 15:06:56.930,1.0938,1.09389,1.00,3.97
2016.09.13 15:06:57.035,1.09379,1.09388,1.00,1.12
2016.09.13 15:06:57.087,1.09379,1.09387,1.00,1.35
2016.09.13 15:06:57.156,1.09379,1.09387,1.00,1.67
2016.09.13 15:06:57.207,1.09378,1.09387,1.12,1.37
2016.09.13 15:06:57.259,1.09378,1.09387,1.00,1.37
2016.09.13 15:06:57.310,1.09378,1.09386,1.00,1.35
2016.09.13 15:06:57.464,1.09378,1.09386,1.00,1.35
2016.09.13 15:06:57.669,1.09378,1.09387,1.00,3.22
2016.09.13 15:06:58.183,1.09378,1.09387,1.00,2.47
2016.09.13 15:06:58.285,1.09379,1.09387,1.00,1.50
2016.09.13 15:06:58.416,1.09379,1.09387,1.00,1.12
2016.09.13 15:06:58.477,1.09379,1.09388,1.00,2.10
2016.09.13 15:06:58.528,1.09378,1.09386,1.00,1.00
2016.09.13 15:06:58.631,1.09379,1.09387,1.00,1.50
2016.09.13 15:06:58.683,1.09379,1.09386,1.00,1.35
2016.09.13 15:06:58.785,1.09379,1.09387,1.00,2.10
2016.09.13 15:06:58.837,1.09378,1.09386,1.00,1.00
2016.09.13 15:06:58.996,1.0938,1.09387,1.00,1.35
2016.09.13 15:06:59.050,1.09382,1.09389,1.00,1.87
2016.09.13 15:06:59.103,1.09382,1.09389,1.00,1.50
2016.09.13 15:06:59.157,1.09382,1.09389,1.00,1.12
2016.09.13 15:06:59.208,1.09382,1.0939,1.00,1.72
2016.09.13 15:06:59.312,1.09382,1.0939,1.00,1.00
2016.09.13 15:06:59.995,1.09383,1.09391,1.00,1.00
2016.09.13 15:07:00.152,1.09384,1.09392,1.00,1.50
2016.09.13 15:07:00.443,1.09384,1.09392,1.00,2.25
2016.09.13 15:07:00.756,1.09384,1.09392,1.00,2.25
2016.09.13 15:07:00.807,1.09384,1.09392,1.00,1.87
2016.09.13 15:07:01.189,1.09384,1.09392,1.00,1.87
2016.09.13 15:07:01.241,1.09384,1.09392,1.00,1.87
2016.09.13 15:07:01.293,1.09383,1.09391,1.00,1.00
2016.09.13 15:07:01.344,1.09383,1.09391,1.00,1.12
2016.09.13 15:07:01.446,1.09384,1.09392,1.00,1.87
2016.09.13 15:07:01.498,1.09384,1.09392,1.00,2.25
2016.09.13 15:07:01.550,1.09384,1.09392,1.00,1.50
2016.09.13 15:07:01.601,1.09384,1.09392,1.00,1.12
2016.09.13 15:07:02.012,1.09384,1.09392,1.00,1.00
2016.09.13 15:07:02.472,1.09385,1.09393,1.00,2.25
2016.09.13 15:07:02.523,1.09386,1.09393,1.00,1.12
2016.09.13 15:07:02.712,1.09386,1.09393,1.00,1.00
2016.09.13 15:07:03.171,1.09386,1.09393,1.00,1.00
2016.09.13 15:07:03.222,1.09386,1.09394,1.00,2.47
2016.09.13 15:07:03.402,1.09386,1.09394,1.00,1.12
2016.09.13 15:07:04.010,1.09386,1.09395,1.00,2.62
2016.09.13 15:07:04.427,1.09386,1.09395,1.00,2.25
2016.09.13 15:07:05.258,1.09386,1.09394,1.00,1.12
2016.09.13 15:07:05.361,1.09385,1.09393,1.00,1.00
2016.09.13 15:07:05.412,1.09386,1.09394,1.00,3.22
2016.09.13 15:07:05.463,1.09386,1.09394,1.00,3.22
2016.09.13 15:07:05.514,1.09387,1.09394,1.00,2.10
2016.09.13 15:07:05.617,1.09387,1.09394,1.00,2.47
2016.09.13 15:07:05.669,1.09388,1.09394,1.00,1.00
2016.09.13 15:07:05.721,1.09387,1.09395,1.00,2.25
2016.09.13 15:07:05.773,1.09387,1.09395,1.00,1.87
2016.09.13 15:07:06.001,1.09386,1.09395,1.87,1.12
2016.09.13 15:07:06.052,1.09384,1.09394,1.50,1.12
2016.09.13 15:07:06.103,1.09384,1.09393,1.12,1.00
2016.09.13 15:07:06.155,1.09384,1.09393,1.12,2.10
2016.09.13 15:07:06.206,1.09384,1.09392,1.12,1.00
2016.09.13 15:07:06.257,1.09384,1.09392,1.00,1.00
2016.09.13 15:07:06.779,1.09383,1.09392,1.00,1.00
2016.09.13 15:07:06.830,1.09383,1.09392,1.87,1.00
2016.09.13 15:07:06.932,1.09383,1.09392,1.00,1.00
2016.09.13 15:07:07.240,1.09384,1.09392,1.37,1.00
2016.09.13 15:07:07.460,1.09384,1.09392,1.00,1.00
2016.09.13 15:07:08.079,1.09384,1.09393,1.00,1.00
2016.09.13 15:07:08.624,1.09387,1.09394,1.00,1.50
2016.09.13 15:07:08.675,1.09385,1.09393,1.00,1.12
2016.09.13 15:07:08.726,1.09387,1.09394,1.37,2.85
2016.09.13 15:07:08.791,1.09387,1.09394,1.37,1.72
2016.09.13 15:07:08.945,1.09387,1.09394,1.87,1.72
2016.09.13 15:07:09.118,1.09387,1.09392,1.00,1.00
2016.09.13 15:07:09.170,1.09385,1.09393,1.00,1.50
2016.09.13 15:07:09.425,1.09384,1.09392,1.00,1.00
2016.09.13 15:07:09.527,1.09384,1.09392,1.12,1.00
2016.09.13 15:07:10.309,1.09385,1.09393,1.00,1.50
2016.09.13 15:07:10.412,1.09386,1.09393,1.00,1.00
2016.09.13 15:07:10.464,1.09386,1.09393,1.12,1.00
2016.09.13 15:07:10.515,1.09384,1.09393,1.37,1.00
2016.09.13 15:07:10.671,1.09384,1.09393,1.00,1.00
2016.09.13 15:07:11.032,1.09383,1.09392,1.87,1.00
2016.09.13 15:07:11.084,1.09384,1.09392,1.00,1.00
2016.09.13 15:07:11.136,1.09385,1.09393,1.12,1.12
2016.09.13 15:07:11.188,1.09384,1.09392,1.87,1.00
2016.09.13 15:07:11.291,1.09384,1.09391,1.37,1.00
2016.09.13 15:07:11.437,1.09384,1.09392,1.87,1.00
2016.09.13 15:07:11.815,1.09385,1.09393,1.12,1.00
2016.09.13 15:07:12.142,1.09384,1.09392,1.87,1.00
2016.09.13 15:07:12.435,1.09386,1.09394,1.87,2.62
2016.09.13 15:07:12.486,1.09386,1.09394,1.87,2.25
2016.09.13 15:07:12.589,1.09386,1.09394,1.87,1.50
2016.09.13 15:07:13.184,1.09385,1.09394,1.00,1.87
2016.09.13 15:07:13.235,1.09385,1.09393,1.00,1.12
2016.09.13 15:07:13.494,1.09386,1.09394,1.00,2.85
2016.09.13 15:07:14.577,1.09385,1.09393,1.00,1.12
2016.09.13 15:07:14.781,1.09384,1.09392,1.87,1.00
2016.09.13 15:07:15.068,1.09385,1.09393,1.00,1.12
2016.09.13 15:07:15.358,1.09386,1.09394,1.87,2.85
2016.09.13 15:07:15.409,1.09386,1.09394,1.87,2.47
2016.09.13 15:07:15.460,1.09386,1.09394,1.87,2.10
2016.09.13 15:07:15.564,1.09386,1.09394,1.87,1.12
2016.09.13 15:07:15.615,1.09386,1.09394,1.87,1.00
2016.09.13 15:07:15.717,1.09386,1.09395,1.87,2.62
2016.09.13 15:07:15.769,1.09386,1.09394,1.87,1.30
2016.09.13 15:07:15.911,1.09386,1.09394,1.12,1.30
2016.09.13 15:07:15.962,1.09386,1.09394,1.12,1.12
2016.09.13 15:07:16.268,1.09386,1.09394,1.00,1.12
2016.09.13 15:07:16.371,1.09386,1.09394,1.00,1.00
2016.09.13 15:07:16.998,1.09386,1.09394,1.00,1.12
2016.09.13 15:07:17.688,1.09386,1.09394,1.00,1.12
2016.09.13 15:07:17.739,1.09384,1.09392,1.12,1.00
2016.09.13 15:07:17.935,1.09384,1.09392,1.00,1.00
2016.09.13 15:07:18.138,1.09383,1.09392,1.12,1.00
2016.09.13 15:07:18.242,1.09383,1.09392,1.00,1.00
2016.09.13 15:07:20.285,1.09383,1.09391,1.00,1.00
2016.09.13 15:07:22.070,1.09383,1.09391,1.12,1.00
2016.09.13 15:07:22.870,1.09383,1.09391,1.00,1.00
2016.09.13 15:07:23.768,1.09383,1.09391,1.12,1.00
2016.09.13 15:07:25.939,1.09383,1.09391,1.00,1.00
2016.09.13 15:07:26.603,1.09383,1.09391,1.00,1.37
2016.09.13 15:07:26.655,1.09383,1.0939,1.00,1.35
2016.09.13 15:07:26.706,1.09383,1.0939,1.00,1.30
2016.09.13 15:07:26.875,1.09384,1.09392,1.00,1.12
2016.09.13 15:07:26.927,1.09383,1.09392,1.00,1.00
2016.09.13 15:07:27.029,1.09383,1.09392,1.00,1.12
2016.09.13 15:07:27.133,1.09384,1.09392,1.00,1.00
2016.09.13 15:07:27.236,1.09384,1.09392,1.00,1.12
2016.09.13 15:07:28.284,1.09383,1.09392,1.00,1.12
2016.09.13 15:07:28.336,1.09383,1.09391,1.00,1.12
2016.09.13 15:07:28.526,1.09383,1.09391,1.00,1.00
2016.09.13 15:07:30.235,1.09384,1.09393,1.00,2.81
2016.09.13 15:07:30.301,1.09383,1.09391,1.00,1.00
2016.09.13 15:07:30.606,1.09383,1.09391,1.50,1.00
2016.09.13 15:07:30.810,1.09383,1.09392,1.50,1.12
2016.09.13 15:07:30.996,1.09383,1.09392,1.00,1.12
2016.09.13 15:07:31.698,1.09383,1.09392,1.00,1.12
2016.09.13 15:07:31.749,1.09384,1.09392,1.37,1.00
2016.09.13 15:07:31.925,1.09384,1.09392,1.87,1.00
2016.09.13 15:07:31.976,1.09384,1.09393,1.87,2.10
2016.09.13 15:07:32.030,1.09385,1.09393,1.12,2.10
2016.09.13 15:07:32.081,1.09386,1.09393,1.37,1.12
2016.09.13 15:07:32.287,1.09386,1.09394,1.37,2.85
2016.09.13 15:07:32.549,1.09386,1.09394,1.37,1.87
2016.09.13 15:07:32.600,1.09386,1.09394,1.37,1.87
2016.09.13 15:07:32.792,1.09386,1.09394,1.37,1.50
2016.09.13 15:07:33.099,1.09386,1.09394,1.37,2.47
2016.09.13 15:07:33.150,1.09386,1.09394,1.37,2.47
2016.09.13 15:07:33.460,1.09386,1.09393,1.37,1.00
2016.09.13 15:07:33.887,1.09387,1.09394,1.12,2.47
2016.09.13 15:07:33.939,1.09386,1.09394,1.87,2.47
2016.09.13 15:07:33.990,1.09386,1.09394,1.00,1.00
2016.09.13 15:07:34.041,1.09386,1.09394,1.00,1.12
2016.09.13 15:07:34.093,1.09385,1.09394,1.12,1.12
2016.09.13 15:07:34.144,1.09385,1.09393,1.12,1.00
2016.09.13 15:07:34.351,1.09385,1.09393,1.00,1.00
2016.09.13 15:07:35.356,1.09385,1.09394,1.87,2.25
2016.09.13 15:07:35.407,1.09385,1.09394,1.87,3.00
2016.09.13 15:07:35.458,1.09386,1.09394,1.37,2.62
2016.09.13 15:07:35.509,1.09386,1.09394,1.37,1.87
2016.09.13 15:07:36.250,1.09386,1.09394,1.00,1.87
2016.09.13 15:07:36.301,1.09385,1.09394,1.12,1.87
2016.09.13 15:07:36.453,1.09384,1.09392,1.87,1.00
2016.09.13 15:07:36.530,1.09384,1.09391,1.37,1.00
2016.09.13 15:07:36.581,1.09383,1.09391,1.00,2.10
2016.09.13 15:07:36.735,1.09383,1.09391,1.00,2.85
2016.09.13 15:07:36.787,1.09383,1.0939,1.00,1.30
2016.09.13 15:07:37.465,1.09383,1.09391,1.00,2.10
