2013.09.05 03:00:02.250,1.23569,1.23587,1.50,1.88
2013.09.05 03:00:02.730,1.2357,1.23587,1.50,1.13
2013.09.05 03:00:07.800,1.2357,1.23587,2.25,1.13
2013.09.05 03:00:08.800,1.2357,1.23587,1.50,1.13
2013.09.05 03:00:10.360,1.2357,1.23585,1.50,1.13
2013.09.05 03:00:10.661,1.2357,1.23583,1.50,1.13
2013.09.05 03:00:12.540,1.2357,1.23589,1.50,3.00
2013.09.05 03:00:12.600,1.2357,1.23589,1.50,2.63
2013.09.05 03:00:12.780,1.23573,1.23589,1.50,1.13
2013.09.05 03:00:13.231,1.23573,1.23589,1.50,1.50
2013.09.05 03:00:13.290,1.23569,1.2358,1.50,1.13
2013.09.05 03:00:18.192,1.23568,1.2358,1.88,1.13
2013.09.05 03:00:18.720,1.23568,1.2358,1.13,1.13
2013.09.05 03:00:20.090,1.23568,1.23586,1.88,1.13
2013.09.05 03:00:20.212,1.2357,1.23589,1.88,1.88
2013.09.05 03:00:22.803,1.2357,1.23587,2.63,1.13
2013.09.05 03:00:28.231,1.23569,1.23587,1.88,1.88
2013.09.05 03:00:28.931,1.23569,1.23583,1.50,1.13
2013.09.05 03:00:29.517,1.23568,1.23583,1.50,1.13
2013.09.05 03:00:31.941,1.23569,1.23585,1.50,1.50
2013.09.05 03:00:32.542,1.2357,1.23585,1.50,1.88
2013.09.05 03:00:33.101,1.23568,1.23583,1.50,1.13
2013.09.05 03:00:33.621,1.2357,1.23583,1.50,1.13
2013.09.05 03:00:34.241,1.2357,1.23585,1.88,1.50
2013.09.05 03:00:34.302,1.2357,1.23587,1.88,1.13
2013.09.05 03:00:34.834,1.2357,1.23587,1.50,1.88
2013.09.05 03:00:36.990,1.2357,1.23587,1.50,1.88
2013.09.05 03:00:38.191,1.23569,1.23587,1.50,1.88
2013.09.05 03:00:38.597,1.23568,1.23587,1.88,1.88
2013.09.05 03:00:40.341,1.23568,1.23587,1.50,1.88
2013.09.05 03:00:40.701,1.23567,1.23584,1.50,1.13
2013.09.05 03:00:41.141,1.23568,1.23585,1.13,1.50
2013.09.05 03:00:43.651,1.23567,1.23585,2.25,2.25
2013.09.05 03:00:44.011,1.23567,1.23585,2.25,2.25
2013.09.05 03:00:47.872,1.23569,1.23586,2.25,1.50
2013.09.05 03:00:48.231,1.2357,1.23579,1.13,2.25
2013.09.05 03:00:48.745,1.23567,1.23581,1.50,1.50
2013.09.05 03:00:48.991,1.23567,1.23583,1.50,1.50
2013.09.05 03:00:50.611,1.23566,1.23582,1.88,1.13
2013.09.05 03:00:51.208,1.23566,1.23582,1.50,1.50
2013.09.05 03:00:51.811,1.23566,1.23583,2.25,1.13
2013.09.05 03:00:51.931,1.23567,1.23583,1.13,1.13
2013.09.05 03:00:53.041,1.23567,1.23583,1.13,1.88
2013.09.05 03:00:53.102,1.23565,1.23577,1.80,1.13
2013.09.05 03:00:53.640,1.23565,1.23575,1.80,1.13
2013.09.05 03:01:00.411,1.23565,1.23575,1.80,1.13
2013.09.05 03:01:00.532,1.23565,1.23582,2.93,1.50
2013.09.05 03:01:00.711,1.23567,1.23585,1.88,1.88
2013.09.05 03:01:08.692,1.23569,1.23585,1.50,1.88
2013.09.05 03:01:16.321,1.23569,1.23582,1.50,1.50
2013.09.05 03:01:16.502,1.23566,1.2358,3.00,1.13
2013.09.05 03:01:17.041,1.23565,1.2358,3.68,1.13
2013.09.05 03:01:20.091,1.23565,1.2358,1.80,1.13
2013.09.05 03:01:25.941,1.23565,1.23582,1.05,2.25
2013.09.05 03:01:26.000,1.23565,1.23582,1.05,1.50
2013.09.05 03:01:26.301,1.23573,1.23589,1.88,1.50
2013.09.05 03:01:26.361,1.2358,1.23597,1.88,1.50
2013.09.05 03:01:40.801,1.2358,1.23599,2.63,1.88
2013.09.05 03:01:43.387,1.2358,1.23599,3.38,1.88
2013.09.05 03:01:48.012,1.23585,1.23599,1.50,1.50
2013.09.05 03:01:48.313,1.2359,1.23602,1.50,1.50
2013.09.05 03:01:48.432,1.23588,1.23602,1.50,1.50
2013.09.05 03:01:48.552,1.23586,1.23602,1.13,1.50
2013.09.05 03:01:49.962,1.23589,1.23602,1.13,1.50
2013.09.05 03:01:52.611,1.23587,1.23604,1.13,1.50
2013.09.05 03:01:52.731,1.23587,1.23604,1.13,1.50
2013.09.05 03:01:54.111,1.23588,1.23605,1.13,1.13
2013.09.05 03:01:54.941,1.23588,1.23605,1.13,1.88
2013.09.05 03:01:58.191,1.23588,1.23605,1.13,1.13
2013.09.05 03:01:58.703,1.23588,1.23605,1.13,1.13
2013.09.05 03:02:02.851,1.2359,1.23605,1.13,1.13
2013.09.05 03:02:03.362,1.2359,1.23608,2.25,2.25
2013.09.05 03:02:05.001,1.2359,1.23608,2.25,2.25
2013.09.05 03:02:06.711,1.2359,1.23608,2.25,2.25
2013.09.05 03:02:07.903,1.2359,1.23605,1.50,1.13
2013.09.05 03:02:09.122,1.23588,1.23606,1.13,1.50
2013.09.05 03:02:09.242,1.2359,1.23608,1.13,1.13
2013.09.05 03:02:30.301,1.23594,1.23608,1.13,1.13
2013.09.05 03:02:30.421,1.23595,1.23608,1.50,1.13
2013.09.05 03:02:43.021,1.23595,1.23607,1.50,1.50
2013.09.05 03:03:03.731,1.23595,1.23608,1.50,2.63
2013.09.05 03:03:07.941,1.23596,1.23608,1.13,2.63
2013.09.05 03:03:18.933,1.23596,1.23609,1.13,1.13
2013.09.05 03:03:19.294,1.23599,1.23608,1.50,1.50
2013.09.05 03:03:19.532,1.23595,1.23611,1.50,1.13
2013.09.05 03:03:24.128,1.23597,1.2361,1.50,1.50
2013.09.05 03:03:38.751,1.23599,1.23612,1.50,1.50
2013.09.05 03:03:50.371,1.23595,1.23612,1.50,1.88
2013.09.05 03:03:59.751,1.23595,1.23612,1.50,1.13
2013.09.05 03:04:38.801,1.23595,1.23612,1.50,1.88
2013.09.05 03:04:39.467,1.23595,1.23611,1.50,1.50
2013.09.05 03:04:45.441,1.23597,1.23611,1.50,1.50
2013.09.05 03:04:47.172,1.23595,1.23611,1.50,1.88
2013.09.05 03:04:49.216,1.23596,1.2361,1.13,1.50
2013.09.05 03:04:49.521,1.23599,1.23607,1.50,1.50
2013.09.05 03:04:49.641,1.23595,1.23607,1.50,1.50
2013.09.05 03:04:50.391,1.23595,1.23607,1.50,1.50
2013.09.05 03:04:53.022,1.23595,1.23608,1.50,1.13
2013.09.05 03:05:00.611,1.23595,1.23609,1.50,2.25
2013.09.05 03:05:05.325,1.23594,1.23608,1.13,3.00
2013.09.05 03:05:05.394,1.23593,1.23607,1.13,1.13
2013.09.05 03:05:05.522,1.23593,1.23609,1.13,3.00
2013.09.05 03:05:05.913,1.23595,1.23606,1.50,1.50
2013.09.05 03:05:17.202,1.2359,1.23606,1.88,1.50
2013.09.05 03:05:22.851,1.23589,1.23607,1.50,1.88
2013.09.05 03:05:40.652,1.23587,1.23605,1.50,1.50
2013.09.05 03:05:48.041,1.23588,1.23607,1.50,2.25
2013.09.05 03:05:50.513,1.23587,1.23607,3.00,2.25
2013.09.05 03:05:50.692,1.23588,1.23606,1.50,2.25
2013.09.05 03:05:50.752,1.23587,1.23606,1.50,2.25
2013.09.05 03:05:51.142,1.23586,1.23605,3.00,1.50
2013.09.05 03:05:51.911,1.23586,1.23605,3.00,2.25
2013.09.05 03:05:52.483,1.23587,1.23605,1.50,2.25
2013.09.05 03:05:59.031,1.23586,1.23603,1.50,1.50
2013.09.05 03:05:59.551,1.23586,1.23603,2.25,1.50
2013.09.05 03:06:03.102,1.23586,1.23603,1.50,1.50
2013.09.05 03:06:22.991,1.23586,1.23603,1.50,2.25
2013.09.05 03:06:23.113,1.23585,1.23603,2.63,2.25
2013.09.05 03:06:23.173,1.23587,1.23603,1.13,1.50
2013.09.05 03:06:23.353,1.23587,1.23605,1.13,1.50
2013.09.05 03:06:23.883,1.23588,1.23605,1.13,1.50
2013.09.05 03:06:38.132,1.23586,1.23604,1.88,1.50
2013.09.05 03:06:38.671,1.23587,1.23603,1.50,1.50
2013.09.05 03:06:43.461,1.23586,1.23602,1.13,1.50
2013.09.05 03:06:43.523,1.23586,1.23602,1.13,1.50
2013.09.05 03:06:52.452,1.23586,1.23604,1.88,1.50
2013.09.05 03:06:53.244,1.23586,1.23602,1.13,1.50
2013.09.05 03:07:15.641,1.23586,1.23602,1.13,1.50
2013.09.05 03:07:15.941,1.23586,1.23602,1.13,1.50
2013.09.05 03:07:16.514,1.23586,1.23602,1.13,1.50
2013.09.05 03:07:34.432,1.23585,1.23603,1.88,1.50
2013.09.05 03:07:35.201,1.23586,1.23603,1.13,1.50
2013.09.05 03:07:36.711,1.23587,1.23603,1.50,1.50
2013.09.05 03:07:37.229,1.23586,1.23603,1.13,1.50
2013.09.05 03:07:38.791,1.23586,1.23602,1.13,1.13
2013.09.05 03:07:40.281,1.23586,1.23602,1.13,1.50
2013.09.05 03:07:41.081,1.23586,1.23603,1.13,1.50
2013.09.05 03:07:41.202,1.23587,1.23603,1.50,1.50
2013.09.05 03:07:41.898,1.23587,1.23605,1.50,3.38
2013.09.05 03:07:41.961,1.23587,1.23605,1.50,3.38
2013.09.05 03:07:42.622,1.23587,1.23605,1.50,3.38
2013.09.05 03:07:58.179,1.23586,1.23603,1.13,1.50
2013.09.05 03:08:00.241,1.23586,1.23603,1.13,1.50
2013.09.05 03:08:02.901,1.23585,1.23603,2.25,1.50
2013.09.05 03:08:03.462,1.23586,1.23603,1.13,1.50
2013.09.05 03:08:20.452,1.23585,1.23601,1.50,1.50
2013.09.05 03:09:03.551,1.23585,1.23603,1.13,1.50
2013.09.05 03:09:06.182,1.23586,1.23604,1.13,1.50
2013.09.05 03:09:06.900,1.23586,1.23604,1.13,2.25
2013.09.05 03:09:23.601,1.23586,1.23604,1.13,4.13
2013.09.05 03:09:30.381,1.23584,1.23603,2.63,2.25
2013.09.05 03:09:32.253,1.23584,1.23602,2.25,1.50
2013.09.05 03:09:32.828,1.23584,1.23602,2.25,1.50
2013.09.05 03:09:36.171,1.23584,1.23602,1.13,2.63
2013.09.05 03:09:36.832,1.23583,1.236,1.88,1.50
2013.09.05 03:09:47.681,1.23583,1.236,2.25,2.25
2013.09.05 03:09:51.092,1.23583,1.23599,1.88,1.50
2013.09.05 03:10:16.681,1.23583,1.23599,1.88,1.50
2013.09.05 03:10:19.225,1.23585,1.236,1.50,2.25
2013.09.05 03:10:51.218,1.23586,1.236,1.13,2.25
2013.09.05 03:11:05.191,1.23586,1.236,1.13,2.25
2013.09.05 03:12:06.617,1.23585,1.23601,1.88,1.50
2013.09.05 03:12:48.010,1.23585,1.23601,1.88,2.25
2013.09.05 03:13:48.062,1.23585,1.23601,1.88,2.10
2013.09.05 03:14:06.712,1.23585,1.23602,1.88,3.23
2013.09.05 03:14:16.472,1.23585,1.23599,1.88,1.50
2013.09.05 03:14:16.832,1.23585,1.23596,1.88,1.88
2013.09.05 03:14:36.712,1.23585,1.23596,1.88,1.88
2013.09.05 03:14:49.562,1.23583,1.23596,1.13,2.63
2013.09.05 03:14:49.622,1.23583,1.23596,1.13,2.63
2013.09.05 03:14:50.244,1.23584,1.23594,1.13,1.50
2013.09.05 03:14:50.306,1.23584,1.23596,1.13,1.88
2013.09.05 03:14:50.367,1.23585,1.23596,1.88,1.88
2013.09.05 03:15:17.953,1.23582,1.23597,2.25,1.50
2013.09.05 03:15:50.528,1.23582,1.23599,1.50,3.00
2013.09.05 03:16:06.015,1.23582,1.23599,1.50,1.50
2013.09.05 03:16:09.351,1.23582,1.236,1.50,3.00
2013.09.05 03:16:10.329,1.23582,1.236,1.50,1.50
2013.09.05 03:16:18.631,1.23582,1.236,1.50,1.50
2013.09.05 03:16:27.561,1.23582,1.236,1.50,1.50
2013.09.05 03:16:35.980,1.23582,1.236,1.50,1.88
2013.09.05 03:16:36.461,1.23582,1.23599,1.13,2.25
2013.09.05 03:16:40.541,1.23582,1.23599,1.13,2.25
2013.09.05 03:17:00.563,1.23583,1.23598,1.13,1.50
2013.09.05 03:17:01.072,1.23583,1.23601,2.25,1.13
2013.09.05 03:17:05.652,1.23584,1.23601,2.25,1.13
2013.09.05 03:17:54.523,1.23585,1.23601,1.50,1.50
2013.09.05 03:18:05.658,1.23583,1.23602,1.88,1.50
2013.09.05 03:18:20.988,1.23583,1.23603,1.13,1.73
2013.09.05 03:18:31.672,1.23583,1.23603,1.13,1.73
2013.09.05 03:18:31.972,1.23585,1.23603,1.50,1.50
2013.09.05 03:18:32.273,1.23585,1.23603,1.50,1.50
2013.09.05 03:18:32.752,1.23583,1.23602,2.63,1.50
2013.09.05 03:18:33.265,1.23583,1.23602,2.63,1.50
2013.09.05 03:18:52.602,1.23583,1.23601,1.88,1.50
2013.09.05 03:19:10.572,1.23584,1.23603,1.50,2.25
2013.09.05 03:19:25.751,1.23583,1.23603,1.88,2.25
2013.09.05 03:19:26.732,1.23584,1.23603,1.50,3.00
2013.09.05 03:20:00.824,1.23584,1.23603,1.50,2.25
2013.09.05 03:20:01.332,1.23584,1.23603,1.50,2.25
2013.09.05 03:20:01.920,1.23586,1.23604,1.50,2.63
2013.09.05 03:20:06.332,1.23584,1.23603,1.50,2.25
2013.09.05 03:20:18.762,1.23586,1.23604,1.50,2.63
2013.09.05 03:20:19.491,1.23586,1.23603,1.50,1.50
2013.09.05 03:20:20.032,1.23584,1.23603,1.50,3.00
2013.09.05 03:21:00.769,1.23585,1.23603,1.50,2.25
2013.09.05 03:21:13.742,1.23585,1.23603,1.50,1.88
2013.09.05 03:21:41.782,1.23584,1.23603,1.50,2.63
2013.09.05 03:22:02.902,1.23585,1.23603,1.50,1.88
2013.09.05 03:22:14.039,1.23584,1.23603,1.50,1.88
2013.09.05 03:22:22.943,1.23584,1.23603,1.50,1.88
2013.09.05 03:22:24.112,1.23584,1.23603,1.50,3.38
2013.09.05 03:22:43.612,1.23585,1.23603,1.50,2.25
2013.09.05 03:23:39.553,1.23586,1.23603,1.50,2.25
2013.09.05 03:24:01.983,1.23585,1.23602,1.50,2.25
2013.09.05 03:24:02.492,1.23584,1.23602,2.25,2.25
2013.09.05 03:24:07.274,1.23583,1.236,1.50,1.13
2013.09.05 03:24:22.793,1.23582,1.236,3.00,1.88
2013.09.05 03:25:00.753,1.23583,1.236,1.50,1.88
2013.09.05 03:25:30.892,1.23583,1.236,1.50,1.88
2013.09.05 03:25:36.857,1.23581,1.236,1.88,1.88
2013.09.05 03:26:00.738,1.23581,1.236,1.13,1.13
2013.09.05 03:26:36.872,1.2358,1.23601,2.63,1.13
2013.09.05 03:26:58.262,1.23581,1.236,1.13,1.13
2013.09.05 03:27:58.408,1.2358,1.23601,2.63,1.13
2013.09.05 03:28:30.746,1.23581,1.236,1.88,1.13
2013.09.05 03:29:11.644,1.23581,1.23601,1.50,2.25
2013.09.05 03:29:12.543,1.23582,1.236,1.50,1.35
2013.09.05 03:29:13.201,1.2358,1.23597,1.50,3.00
2013.09.05 03:29:13.503,1.2358,1.23595,1.50,1.50
2013.09.05 03:30:01.584,1.2358,1.23595,2.25,1.50
2013.09.05 03:30:02.185,1.2358,1.23595,1.50,1.50
2013.09.05 03:30:06.184,1.2358,1.23595,1.50,1.50
2013.09.05 03:30:06.723,1.2358,1.23595,1.50,1.50
2013.09.05 03:30:07.263,1.23579,1.23595,1.50,1.50
2013.09.05 03:30:08.034,1.2358,1.23595,1.50,2.25
2013.09.05 03:30:11.582,1.2358,1.23595,1.50,1.50
2013.09.05 03:30:12.633,1.23578,1.23595,3.38,1.50
2013.09.05 03:30:13.197,1.23578,1.23595,2.63,2.25
2013.09.05 03:30:17.294,1.23578,1.23595,2.63,2.25
2013.09.05 03:30:31.636,1.23578,1.23595,3.38,2.25
2013.09.05 03:30:51.660,1.23578,1.23595,3.38,2.25
2013.09.05 03:31:12.643,1.23578,1.23595,2.63,2.25
2013.09.05 03:31:26.164,1.23578,1.23595,2.63,2.25
2013.09.05 03:31:32.085,1.23578,1.23591,1.50,1.13
2013.09.05 03:31:32.267,1.23575,1.23592,1.13,2.25
2013.09.05 03:31:32.844,1.23575,1.23593,1.88,2.25
2013.09.05 03:31:33.264,1.23574,1.23592,2.25,1.50
2013.09.05 03:31:33.444,1.23573,1.23592,1.50,1.50
2013.09.05 03:31:35.224,1.23572,1.23591,1.88,3.00
2013.09.05 03:31:35.739,1.23572,1.23591,1.50,2.25
2013.09.05 03:31:37.294,1.23572,1.2359,1.50,1.50
2013.09.05 03:31:39.315,1.23572,1.2359,2.25,1.50
2013.09.05 03:31:42.143,1.23572,1.2359,2.25,1.50
2013.09.05 03:31:46.594,1.23572,1.2359,2.25,1.50
2013.09.05 03:32:10.844,1.23572,1.2359,2.25,1.50
2013.09.05 03:32:16.423,1.23572,1.2359,3.00,1.50
2013.09.05 03:32:23.243,1.23572,1.2359,1.50,1.13
2013.09.05 03:32:23.304,1.23571,1.2359,2.25,1.13
2013.09.05 03:32:23.484,1.23569,1.23588,2.63,1.50
2013.09.05 03:32:23.665,1.23569,1.23587,1.88,1.50
2013.09.05 03:32:28.224,1.23568,1.23585,1.13,1.50
2013.09.05 03:32:28.734,1.23568,1.23585,1.13,1.50
2013.09.05 03:32:36.153,1.23567,1.23585,1.50,1.50
2013.09.05 03:32:40.744,1.23567,1.23585,1.50,1.50
2013.09.05 03:32:41.382,1.23568,1.23585,1.13,1.50
2013.09.05 03:32:43.954,1.23568,1.23585,1.13,1.50
2013.09.05 03:32:50.405,1.23568,1.23587,2.25,2.25
2013.09.05 03:32:53.378,1.2357,1.23587,3.00,1.88
2013.09.05 03:32:53.924,1.23571,1.23587,1.50,1.13
2013.09.05 03:32:54.104,1.23571,1.23588,1.50,1.13
2013.09.05 03:32:55.175,1.23571,1.23587,1.50,1.13
2013.09.05 03:32:58.704,1.23571,1.23587,2.25,1.13
2013.09.05 03:33:00.774,1.23574,1.23587,1.13,1.13
2013.09.05 03:33:01.574,1.23574,1.23589,1.13,1.13
2013.09.05 03:33:08.394,1.23572,1.23588,1.50,1.13
2013.09.05 03:33:18.991,1.2357,1.23587,1.50,1.88
2013.09.05 03:33:19.454,1.23569,1.23587,2.63,1.88
2013.09.05 03:33:23.836,1.2357,1.23587,3.00,1.88
2013.09.05 03:33:25.204,1.23572,1.23587,1.13,1.13
2013.09.05 03:33:29.114,1.23572,1.23588,1.13,1.13
2013.09.05 03:33:53.344,1.23571,1.23588,1.50,1.13
2013.09.05 03:33:56.164,1.23571,1.23588,1.50,1.13
2013.09.05 03:33:57.364,1.23571,1.23587,1.50,1.13
2013.09.05 03:33:58.975,1.23571,1.23587,1.50,1.13
2013.09.05 03:33:59.260,1.23571,1.23587,1.50,1.13
2013.09.05 03:34:00.677,1.23571,1.23587,1.50,1.13
2013.09.05 03:34:00.795,1.23571,1.23588,1.50,1.13
2013.09.05 03:34:01.095,1.23571,1.23588,1.50,1.13
2013.09.05 03:34:03.555,1.23571,1.23588,1.50,1.13
2013.09.05 03:34:08.395,1.2357,1.23588,2.25,1.13
2013.09.05 03:34:11.294,1.2357,1.23587,2.25,1.13
2013.09.05 03:34:18.944,1.2357,1.23587,3.75,1.13
2013.09.05 03:34:20.947,1.2357,1.23586,3.00,1.50
2013.09.05 03:34:21.304,1.23567,1.23586,1.88,2.25
2013.09.05 03:34:21.505,1.23568,1.23587,1.50,1.88
2013.09.05 03:34:22.791,1.23568,1.23587,1.50,1.88
2013.09.05 03:34:25.827,1.23568,1.23587,1.50,1.88
2013.09.05 03:34:33.545,1.23568,1.23587,1.50,1.88
2013.09.05 03:34:34.064,1.23568,1.23587,1.50,1.88
2013.09.05 03:34:34.354,1.23566,1.23585,2.63,1.50
2013.09.05 03:34:47.244,1.23566,1.23582,1.50,2.63
2013.09.05 03:34:47.305,1.23566,1.2358,1.50,1.50
2013.09.05 03:34:47.484,1.23565,1.2358,1.05,1.50
2013.09.05 03:34:48.201,1.23565,1.23578,1.05,1.50
2013.09.05 03:35:04.485,1.23565,1.23578,1.80,1.50
2013.09.05 03:35:05.134,1.23565,1.23579,3.30,1.50
2013.09.05 03:35:05.254,1.23567,1.23579,1.50,1.50
2013.09.05 03:35:06.351,1.23567,1.23579,1.50,1.50
2013.09.05 03:35:07.474,1.23567,1.23581,1.88,2.25
2013.09.05 03:35:09.224,1.23566,1.23581,1.50,2.25
2013.09.05 03:35:09.284,1.23566,1.23578,1.50,1.50
2013.09.05 03:35:14.554,1.23565,1.23578,1.80,1.50
2013.09.05 03:35:25.359,1.23566,1.23581,1.50,1.50
2013.09.05 03:35:25.904,1.23565,1.23578,4.05,1.50
2013.09.05 03:35:28.680,1.23565,1.23578,1.05,1.50
2013.09.05 03:35:30.244,1.23565,1.23578,1.05,1.50
2013.09.05 03:35:30.424,1.23565,1.23581,1.05,1.50
2013.09.05 03:36:00.364,1.23564,1.23581,1.05,1.50
2013.09.05 03:36:03.674,1.23562,1.23579,1.05,1.50
2013.09.05 03:36:23.095,1.23565,1.23579,1.05,1.50
2013.09.05 03:36:27.405,1.23563,1.2358,1.43,1.88
2013.09.05 03:36:28.191,1.23563,1.2358,2.63,1.13
2013.09.05 03:36:28.734,1.23563,1.2358,2.25,1.13
2013.09.05 03:36:29.385,1.23564,1.23581,1.88,1.88
2013.09.05 03:36:30.646,1.23566,1.23581,1.50,1.88
2013.09.05 03:36:30.945,1.23565,1.23581,1.13,2.25
2013.09.05 03:36:31.305,1.23562,1.2358,1.50,1.50
2013.09.05 03:36:32.347,1.23564,1.23581,1.50,2.25
2013.09.05 03:36:32.524,1.23561,1.2358,4.50,3.00
2013.09.05 03:36:33.734,1.23561,1.2358,3.00,3.00
2013.09.05 03:36:38.754,1.23562,1.2358,1.50,2.25
2013.09.05 03:36:40.004,1.23563,1.2358,1.50,2.25
2013.09.05 03:36:40.364,1.23564,1.2358,1.50,2.25
2013.09.05 03:36:42.264,1.23564,1.2358,1.50,2.25
2013.09.05 03:36:43.026,1.23564,1.2358,1.50,2.25
2013.09.05 03:37:05.086,1.23563,1.2358,1.50,2.25
2013.09.05 03:37:06.814,1.23564,1.2358,1.50,2.25
2013.09.05 03:37:08.374,1.23564,1.2358,1.50,2.25
2013.09.05 03:37:08.920,1.23564,1.2358,1.50,2.25
2013.09.05 03:37:14.354,1.23564,1.2358,2.25,1.50
2013.09.05 03:37:18.788,1.23564,1.2358,1.50,1.13
2013.09.05 03:37:29.135,1.23564,1.23581,1.50,2.25
2013.09.05 03:37:29.475,1.23562,1.2358,2.63,1.50
2013.09.05 03:37:30.026,1.23564,1.2358,2.25,1.13
2013.09.05 03:37:30.264,1.23564,1.23581,2.25,1.13
2013.09.05 03:37:33.889,1.23564,1.23581,3.00,1.50
2013.09.05 03:37:34.405,1.23564,1.23581,2.25,1.50
2013.09.05 03:37:35.149,1.23564,1.23581,3.00,1.50
2013.09.05 03:37:41.995,1.23565,1.23581,1.50,1.50
2013.09.05 03:37:48.107,1.23564,1.23581,3.38,1.50
2013.09.05 03:38:25.385,1.23564,1.23581,1.50,1.13
2013.09.05 03:38:25.505,1.23561,1.2358,1.50,1.13
2013.09.05 03:38:25.565,1.23561,1.23581,1.50,2.63
2013.09.05 03:38:25.685,1.23561,1.23581,1.50,2.63
2013.09.05 03:38:25.745,1.23561,1.23581,2.25,2.63
2013.09.05 03:38:28.779,1.23563,1.23581,1.50,2.63
2013.09.05 03:38:30.285,1.23563,1.23581,1.50,1.88
2013.09.05 03:38:30.800,1.23563,1.23581,1.50,2.25
2013.09.05 03:38:31.654,1.23564,1.23581,1.50,1.50
2013.09.05 03:38:34.176,1.23565,1.23581,2.25,1.50
2013.09.05 03:39:10.956,1.23566,1.23581,1.50,1.50
2013.09.05 03:39:11.867,1.23566,1.23581,1.50,1.50
2013.09.05 03:39:12.726,1.23566,1.23582,1.50,1.13
2013.09.05 03:39:13.274,1.23565,1.23582,1.50,1.13
2013.09.05 03:39:14.000,1.23565,1.23582,1.50,1.13
2013.09.05 03:39:14.416,1.23564,1.23581,1.50,3.00
2013.09.05 03:39:14.475,1.23561,1.2358,1.88,1.50
2013.09.05 03:39:14.535,1.23561,1.23579,1.50,1.50
2013.09.05 03:39:14.659,1.2356,1.23579,1.50,2.25
2013.09.05 03:39:18.175,1.2356,1.23576,1.50,1.13
2013.09.05 03:39:21.245,1.23562,1.23577,1.50,1.88
2013.09.05 03:39:21.805,1.23562,1.2358,3.00,1.13
2013.09.05 03:39:22.285,1.23564,1.23578,2.25,1.13
2013.09.05 03:39:23.386,1.23564,1.23578,2.25,1.13
2013.09.05 03:39:23.963,1.23563,1.23578,1.50,1.13
2013.09.05 03:39:27.435,1.23563,1.23578,1.50,1.13
2013.09.05 03:39:28.364,1.23563,1.23578,1.50,1.13
2013.09.05 03:39:29.435,1.23563,1.23578,1.50,1.13
2013.09.05 03:39:30.235,1.23563,1.23579,1.50,1.50
2013.09.05 03:39:30.355,1.23562,1.23581,3.00,3.00
2013.09.05 03:39:33.035,1.23563,1.23581,1.50,3.75
2013.09.05 03:39:33.895,1.23562,1.23579,2.25,1.13
2013.09.05 03:39:34.805,1.23563,1.23581,1.50,3.75
2013.09.05 03:39:35.345,1.23563,1.23581,1.50,3.00
2013.09.05 03:39:35.405,1.23563,1.23581,1.50,2.25
2013.09.05 03:39:39.835,1.23563,1.23581,1.50,1.13
2013.09.05 03:39:40.015,1.23562,1.23579,1.50,1.50
2013.09.05 03:39:40.075,1.23562,1.23579,1.50,1.50
2013.09.05 03:39:40.255,1.23559,1.23577,1.50,1.13
2013.09.05 03:39:40.826,1.23558,1.23577,1.88,1.13
2013.09.05 03:39:41.715,1.23559,1.23577,3.00,1.13
2013.09.05 03:39:42.076,1.23564,1.23579,1.50,1.13
2013.09.05 03:39:55.756,1.23562,1.23579,1.50,1.13
2013.09.05 03:40:06.897,1.23562,1.23578,1.50,1.13
2013.09.05 03:40:07.018,1.23561,1.23578,1.50,1.13
2013.09.05 03:40:07.385,1.23562,1.23579,1.50,1.50
2013.09.05 03:40:08.145,1.23563,1.23581,1.50,1.50
2013.09.05 03:40:08.326,1.23563,1.23579,1.50,1.50
2013.09.05 03:40:08.985,1.23563,1.2358,1.50,1.13
2013.09.05 03:40:09.505,1.23564,1.2358,1.50,1.13
2013.09.05 03:40:13.305,1.23564,1.23577,1.50,1.13
2013.09.05 03:40:13.545,1.23562,1.23577,2.25,1.13
2013.09.05 03:40:15.175,1.23563,1.23578,1.50,1.13
2013.09.05 03:40:15.689,1.23564,1.23578,1.50,1.13
2013.09.05 03:40:16.146,1.23562,1.2358,2.25,1.13
2013.09.05 03:40:16.815,1.23562,1.2358,2.25,1.13
2013.09.05 03:40:19.535,1.2356,1.23575,1.50,1.13
2013.09.05 03:40:20.087,1.2356,1.23575,1.50,1.13
2013.09.05 03:40:21.969,1.23561,1.23575,1.50,1.13
2013.09.05 03:40:22.486,1.23561,1.23579,1.50,1.88
2013.09.05 03:40:23.126,1.23561,1.23579,1.50,1.88
2013.09.05 03:40:24.565,1.2356,1.23574,1.50,1.13
2013.09.05 03:40:27.165,1.2356,1.23577,1.50,1.13
2013.09.05 03:40:29.185,1.23561,1.23578,1.50,1.13
2013.09.05 03:40:29.484,1.23561,1.23578,2.25,1.13
2013.09.05 03:40:29.605,1.23562,1.23578,2.25,1.13
2013.09.05 03:40:34.077,1.23562,1.23581,2.25,2.25
2013.09.05 03:40:34.318,1.23565,1.23581,1.50,1.50
2013.09.05 03:40:35.745,1.23565,1.23582,2.25,2.63
2013.09.05 03:40:37.757,1.23564,1.23579,1.50,1.50
2013.09.05 03:40:38.285,1.23563,1.23581,1.50,1.50
2013.09.05 03:40:39.175,1.23563,1.23581,1.50,1.50
2013.09.05 03:40:39.575,1.23562,1.2358,1.50,1.50
2013.09.05 03:40:39.755,1.23563,1.23583,1.50,1.50
2013.09.05 03:40:49.075,1.23565,1.23585,1.50,1.50
2013.09.05 03:40:49.435,1.23567,1.23587,1.50,2.63
2013.09.05 03:40:50.095,1.23567,1.23586,2.25,1.50
2013.09.05 03:40:50.660,1.23567,1.23587,2.25,2.63
2013.09.05 03:40:51.204,1.23567,1.23586,2.25,1.50
2013.09.05 03:41:05.785,1.23567,1.23586,1.50,1.50
2013.09.05 03:41:06.645,1.23567,1.23586,1.50,1.50
2013.09.05 03:41:06.825,1.23569,1.23587,1.50,1.13
2013.09.05 03:41:26.764,1.23568,1.23587,2.25,1.88
2013.09.05 03:41:38.007,1.23568,1.23587,2.63,1.13
2013.09.05 03:41:38.845,1.23571,1.23588,1.50,1.13
2013.09.05 03:42:00.805,1.2357,1.23587,2.25,1.13
2013.09.05 03:42:05.755,1.2357,1.23586,1.50,1.13
2013.09.05 03:42:05.816,1.2357,1.23588,1.50,1.88
2013.09.05 03:42:06.715,1.2357,1.23587,1.50,1.13
2013.09.05 03:42:13.356,1.23568,1.23586,3.00,1.50
2013.09.05 03:42:13.895,1.2357,1.23587,4.13,1.13
2013.09.05 03:42:14.406,1.23572,1.23587,1.50,1.13
2013.09.05 03:42:14.467,1.23572,1.23589,1.50,1.13
2013.09.05 03:42:14.527,1.23574,1.23591,1.50,3.00
2013.09.05 03:42:14.586,1.23572,1.23591,1.50,3.75
2013.09.05 03:42:15.795,1.23572,1.23591,1.50,3.00
2013.09.05 03:42:16.506,1.23572,1.23589,2.25,1.13
2013.09.05 03:42:17.035,1.23571,1.23589,1.50,1.88
2013.09.05 03:42:17.695,1.23572,1.23589,1.50,1.13
2013.09.05 03:42:17.976,1.23572,1.23589,1.50,1.13
2013.09.05 03:42:36.636,1.23573,1.23589,1.50,1.13
2013.09.05 03:42:52.726,1.23572,1.23589,2.63,1.13
2013.09.05 03:42:56.996,1.23572,1.23589,2.63,1.13
2013.09.05 03:42:57.555,1.23573,1.23589,1.50,1.13
2013.09.05 03:42:59.157,1.23573,1.23589,2.25,1.13
2013.09.05 03:42:59.515,1.23573,1.23591,2.25,2.25
2013.09.05 03:43:00.257,1.23573,1.23589,2.25,1.13
2013.09.05 03:43:13.617,1.23571,1.23589,1.50,1.13
2013.09.05 03:43:15.437,1.23571,1.23589,2.25,1.13
2013.09.05 03:43:15.877,1.23571,1.23589,2.25,1.13
2013.09.05 03:43:23.136,1.23572,1.23589,1.50,1.13
2013.09.05 03:43:23.855,1.23572,1.23589,1.50,1.13
2013.09.05 03:43:24.215,1.23571,1.23589,1.50,1.13
2013.09.05 03:43:24.336,1.23572,1.23589,1.50,1.13
2013.09.05 03:43:24.705,1.23572,1.23589,1.50,1.13
2013.09.05 03:43:25.616,1.23571,1.23589,2.25,1.13
2013.09.05 03:43:25.736,1.23572,1.23589,1.50,1.13
2013.09.05 03:43:25.796,1.2357,1.23588,4.50,1.50
2013.09.05 03:43:28.444,1.23573,1.23591,1.88,3.00
2013.09.05 03:43:41.825,1.23573,1.23589,1.50,1.13
2013.09.05 03:43:43.586,1.23573,1.23589,1.88,1.13
2013.09.05 03:43:44.220,1.23573,1.23589,1.50,1.13
2013.09.05 03:43:44.736,1.23572,1.23589,2.63,1.13
2013.09.05 03:43:45.328,1.23573,1.23589,1.50,1.13
2013.09.05 03:43:48.417,1.23573,1.23589,1.50,1.13
2013.09.05 03:43:57.036,1.2357,1.23589,2.63,1.88
2013.09.05 03:44:07.615,1.23571,1.23589,1.50,1.88
2013.09.05 03:44:08.268,1.23571,1.23589,1.50,1.88
2013.09.05 03:44:12.425,1.23571,1.23589,3.75,1.88
2013.09.05 03:44:18.505,1.23571,1.23589,3.75,1.88
2013.09.05 03:44:20.408,1.23571,1.23589,3.75,1.88
2013.09.05 03:44:23.418,1.23571,1.23589,2.25,1.88
2013.09.05 03:44:23.806,1.23571,1.23589,2.25,1.88
2013.09.05 03:44:26.229,1.23572,1.23589,1.13,1.50
2013.09.05 03:44:31.965,1.23571,1.23589,3.75,1.88
2013.09.05 03:44:34.967,1.23572,1.23589,1.13,1.88
2013.09.05 03:44:36.575,1.23571,1.23589,2.25,1.88
2013.09.05 03:44:37.055,1.23575,1.2359,2.25,1.13
2013.09.05 03:44:37.116,1.23575,1.2359,3.00,1.13
2013.09.05 03:44:37.416,1.23575,1.2359,1.50,1.50
2013.09.05 03:44:40.616,1.23576,1.23592,2.25,1.88
2013.09.05 03:44:41.077,1.23577,1.23592,1.50,1.50
2013.09.05 03:44:47.146,1.23578,1.23592,3.75,1.50
2013.09.05 03:44:47.385,1.23576,1.23594,1.50,2.25
2013.09.05 03:44:47.505,1.23574,1.23594,2.25,3.00
2013.09.05 03:44:49.775,1.23573,1.23594,1.50,1.50
2013.09.05 03:44:50.315,1.23572,1.23592,2.25,1.50
2013.09.05 03:44:50.616,1.23575,1.23593,1.50,1.13
2013.09.05 03:44:52.815,1.23575,1.23593,1.50,1.13
2013.09.05 03:44:52.935,1.23575,1.23593,1.50,1.13
2013.09.05 03:44:53.476,1.23575,1.23593,3.75,1.13
2013.09.05 03:44:53.765,1.23575,1.23593,2.25,1.13
2013.09.05 03:44:54.781,1.23576,1.23595,2.25,1.88
2013.09.05 03:44:56.955,1.23576,1.23593,1.50,1.13
2013.09.05 03:44:57.495,1.23574,1.23592,1.50,1.88
2013.09.05 03:44:59.265,1.23575,1.23592,1.88,1.13
2013.09.05 03:45:19.785,1.23574,1.23592,1.50,1.88
2013.09.05 03:45:46.335,1.23573,1.23592,1.50,1.88
2013.09.05 03:45:49.025,1.23573,1.23592,2.25,1.13
2013.09.05 03:45:58.915,1.23573,1.23592,1.50,1.88
2013.09.05 03:45:58.975,1.23572,1.23591,1.88,1.50
2013.09.05 03:45:59.451,1.23573,1.23592,1.50,1.13
2013.09.05 03:46:03.898,1.23576,1.23593,1.50,1.13
2013.09.05 03:46:07.216,1.23575,1.23592,4.50,1.50
2013.09.05 03:46:08.635,1.23574,1.23592,3.38,1.13
2013.09.05 03:46:13.167,1.23575,1.23592,1.50,1.13
2013.09.05 03:46:15.439,1.23574,1.23592,3.75,1.13
2013.09.05 03:46:38.375,1.23573,1.23591,3.00,1.13
2013.09.05 03:46:38.916,1.23573,1.23591,3.38,1.13
2013.09.05 03:46:39.395,1.23573,1.23591,2.63,1.13
2013.09.05 03:46:39.817,1.23574,1.23591,1.50,1.13
2013.09.05 03:46:40.246,1.23574,1.23591,1.50,1.13
2013.09.05 03:46:40.587,1.23575,1.23595,2.25,2.25
2013.09.05 03:46:45.245,1.23575,1.23594,3.38,1.13
2013.09.05 03:46:47.237,1.23574,1.23593,1.50,1.13
2013.09.05 03:46:47.597,1.23574,1.23593,1.50,1.88
2013.09.05 03:46:47.896,1.23573,1.23593,1.50,1.88
2013.09.05 03:46:48.196,1.23572,1.23593,2.63,1.88
2013.09.05 03:46:48.517,1.23574,1.23592,1.50,1.50
2013.09.05 03:46:49.107,1.23574,1.23593,3.00,1.88
2013.09.05 03:46:49.706,1.23575,1.23594,2.25,1.88
2013.09.05 03:46:59.358,1.23574,1.23593,1.50,1.88
2013.09.05 03:47:01.465,1.23575,1.23593,1.50,1.13
2013.09.05 03:47:09.588,1.23573,1.23593,1.50,2.63
2013.09.05 03:47:11.825,1.23573,1.23592,1.50,1.50
2013.09.05 03:47:19.395,1.23572,1.2359,1.50,1.50
2013.09.05 03:47:19.925,1.23571,1.2359,1.50,1.50
2013.09.05 03:47:35.225,1.23571,1.23592,2.25,2.25
2013.09.05 03:47:35.734,1.23573,1.23592,2.25,1.50
2013.09.05 03:47:49.555,1.23573,1.23593,1.50,1.88
2013.09.05 03:47:59.616,1.23573,1.23592,2.25,1.50
2013.09.05 03:48:00.475,1.23573,1.23592,2.25,1.50
2013.09.05 03:48:00.667,1.23573,1.23592,2.25,1.50
2013.09.05 03:48:13.865,1.23573,1.23593,1.50,1.88
2013.09.05 03:48:15.500,1.23575,1.23594,1.50,1.13
2013.09.05 03:48:35.906,1.23574,1.23593,2.25,1.13
2013.09.05 03:48:45.825,1.23574,1.23593,1.50,1.13
2013.09.05 03:48:55.255,1.23573,1.23591,2.25,1.13
2013.09.05 03:48:56.060,1.23573,1.23591,1.50,1.13
2013.09.05 03:49:00.603,1.2357,1.23588,1.13,1.50
2013.09.05 03:49:02.006,1.2357,1.23589,1.13,1.50
2013.09.05 03:49:02.515,1.2357,1.2359,1.88,2.25
2013.09.05 03:49:22.356,1.23572,1.23591,1.50,1.50
2013.09.05 03:49:23.306,1.23572,1.23592,1.50,2.25
2013.09.05 03:49:41.656,1.23571,1.23592,1.50,2.25
2013.09.05 03:49:42.165,1.2357,1.2359,1.50,1.50
2013.09.05 03:49:44.115,1.2357,1.23589,1.50,1.50
2013.09.05 03:49:46.496,1.2357,1.2359,1.50,2.25
2013.09.05 03:49:54.806,1.23571,1.23592,1.50,1.50
2013.09.05 03:49:54.866,1.23572,1.23592,1.50,1.50
2013.09.05 03:50:03.266,1.23572,1.23593,1.50,1.50
2013.09.05 03:50:04.000,1.23574,1.23594,1.50,1.50
2013.09.05 03:50:05.026,1.23572,1.23592,1.50,1.50
2013.09.05 03:50:15.836,1.23572,1.23593,1.50,1.50
2013.09.05 03:50:16.471,1.23574,1.23594,1.50,1.50
2013.09.05 03:50:34.826,1.23572,1.23592,1.50,1.50
2013.09.05 03:50:37.776,1.23573,1.23594,1.50,1.50
2013.09.05 03:50:37.836,1.23574,1.23594,1.50,1.50
2013.09.05 03:50:58.245,1.23572,1.23593,1.50,1.50
2013.09.05 03:50:58.306,1.23572,1.23592,1.50,1.50
2013.09.05 03:51:03.337,1.2357,1.23591,1.50,1.50
2013.09.05 03:51:03.397,1.2357,1.2359,1.50,1.50
2013.09.05 03:51:03.576,1.23568,1.23588,1.50,1.50
2013.09.05 03:51:03.886,1.2357,1.2359,1.50,1.50
2013.09.05 03:51:05.086,1.23572,1.23592,1.50,1.50
2013.09.05 03:51:08.076,1.23573,1.23594,1.50,1.50
2013.09.05 03:51:08.136,1.23574,1.23594,1.50,1.50
2013.09.05 03:51:39.009,1.23572,1.23593,1.50,1.50
2013.09.05 03:51:39.069,1.23572,1.23592,1.50,1.50
2013.09.05 03:51:50.977,1.23573,1.23592,1.50,1.50
2013.09.05 03:51:51.036,1.23575,1.23594,1.50,1.50
2013.09.05 03:51:51.156,1.23577,1.23594,1.13,1.50
2013.09.05 03:51:51.277,1.23577,1.23596,1.88,1.50
2013.09.05 03:51:51.337,1.23579,1.23599,1.50,1.88
2013.09.05 03:51:51.879,1.23581,1.23601,1.50,1.50
2013.09.05 03:52:02.366,1.23583,1.23603,1.88,1.50
2013.09.05 03:52:08.376,1.23583,1.23605,1.88,1.50
2013.09.05 03:52:08.436,1.23586,1.23606,1.50,1.50
2013.09.05 03:52:12.386,1.23587,1.23608,1.50,1.50
2013.09.05 03:52:12.448,1.23588,1.23608,1.50,1.50
2013.09.05 03:52:32.696,1.23587,1.23607,1.50,1.50
2013.09.05 03:52:46.837,1.23585,1.23605,1.50,1.50
2013.09.05 03:52:51.168,1.23585,1.23606,1.50,1.50
2013.09.05 03:52:51.799,1.23587,1.23607,1.50,1.50
2013.09.05 03:52:54.550,1.23587,1.23606,1.50,1.13
2013.09.05 03:52:54.859,1.23587,1.23605,1.50,3.38
2013.09.05 03:52:55.099,1.23585,1.23604,1.50,1.13
2013.09.05 03:52:55.577,1.23579,1.23602,3.00,1.13
2013.09.05 03:52:55.637,1.23578,1.23598,1.88,1.50
2013.09.05 03:52:56.165,1.23579,1.23599,1.50,1.50
2013.09.05 03:52:56.287,1.23579,1.236,1.50,1.50
2013.09.05 03:52:56.588,1.23581,1.23602,1.50,1.13
2013.09.05 03:52:56.766,1.23581,1.23601,1.50,1.50
2013.09.05 03:53:01.548,1.23582,1.23603,1.50,1.50
2013.09.05 03:53:01.608,1.23583,1.23603,1.50,1.50
2013.09.05 03:53:04.406,1.23585,1.23605,1.50,1.50
2013.09.05 03:53:13.707,1.23587,1.23607,1.50,1.50
2013.09.05 03:53:41.817,1.23587,1.23606,1.50,1.50
2013.09.05 03:53:42.056,1.23585,1.23604,1.50,1.50
2013.09.05 03:53:55.206,1.23584,1.23602,1.50,1.50
2013.09.05 03:53:55.766,1.23583,1.23602,1.88,1.50
2013.09.05 03:54:30.186,1.23584,1.23602,1.13,1.50
2013.09.05 03:54:30.728,1.23584,1.23602,1.50,1.50
2013.09.05 03:54:36.787,1.23582,1.236,1.13,1.50
2013.09.05 03:54:50.306,1.23582,1.23601,1.50,1.50
2013.09.05 03:54:58.685,1.23582,1.23601,1.50,1.50
2013.09.05 03:55:04.626,1.23581,1.236,1.50,1.50
2013.09.05 03:55:11.256,1.2358,1.23599,2.25,1.50
2013.09.05 03:55:11.797,1.23579,1.23598,2.63,2.25
2013.09.05 03:55:14.686,1.23579,1.23598,2.25,2.25
2013.09.05 03:55:20.147,1.23579,1.23598,1.50,2.25
2013.09.05 03:55:22.716,1.23579,1.23598,1.50,2.25
2013.09.05 03:55:31.706,1.2358,1.23598,1.50,1.50
2013.09.05 03:55:40.268,1.23585,1.236,1.50,1.50
2013.09.05 03:55:42.777,1.23583,1.236,1.50,1.50
2013.09.05 03:55:49.388,1.23586,1.236,2.25,1.50
2013.09.05 03:55:49.986,1.23586,1.236,2.25,1.50
2013.09.05 03:56:24.039,1.23586,1.23601,1.50,1.50
2013.09.05 03:56:24.277,1.23586,1.23601,1.50,1.50
2013.09.05 03:56:24.873,1.23586,1.23603,2.25,1.50
2013.09.05 03:56:25.308,1.23589,1.23603,1.50,1.50
2013.09.05 03:56:25.847,1.23587,1.23603,1.50,1.50
2013.09.05 03:56:25.907,1.23587,1.23603,1.50,1.50
2013.09.05 03:56:26.487,1.23587,1.23603,1.50,1.50
2013.09.05 03:56:43.036,1.23585,1.23603,1.50,1.50
2013.09.05 03:56:46.288,1.23586,1.23603,1.50,1.50
2013.09.05 03:56:50.322,1.23587,1.23601,1.50,1.50
2013.09.05 03:56:55.277,1.23585,1.23603,2.63,1.50
2013.09.05 03:56:58.388,1.23582,1.23601,3.00,1.50
2013.09.05 03:57:10.127,1.2358,1.23599,2.25,1.50
2013.09.05 03:57:30.806,1.2358,1.23599,1.50,1.50
2013.09.05 03:57:58.967,1.23579,1.23598,1.50,2.25
2013.09.05 03:57:59.147,1.2358,1.23599,1.50,1.50
2013.09.05 03:58:02.037,1.2358,1.236,1.50,1.50
2013.09.05 03:58:07.396,1.2358,1.23599,1.50,1.50
2013.09.05 03:58:10.126,1.2358,1.236,1.88,1.50
2013.09.05 03:58:16.277,1.23581,1.23599,1.13,1.50
2013.09.05 03:58:21.309,1.23581,1.23599,1.13,1.50
2013.09.05 03:58:24.257,1.23581,1.23599,1.13,1.50
2013.09.05 03:58:39.677,1.23581,1.23599,1.13,1.50
2013.09.05 03:58:56.207,1.2358,1.23598,1.50,1.50
2013.09.05 03:58:56.567,1.23578,1.23595,1.50,3.00
2013.09.05 03:58:57.269,1.2357,1.2359,1.50,1.88
2013.09.05 03:59:02.627,1.23568,1.23589,1.88,1.50
2013.09.05 03:59:02.688,1.23568,1.23588,1.88,1.50
2013.09.05 03:59:55.967,1.23569,1.23588,2.25,1.50
2013.09.05 03:59:56.627,1.2357,1.2359,1.88,1.50
2013.09.05 03:59:56.687,1.2357,1.2359,1.13,1.50
2013.09.05 03:59:58.991,1.23569,1.23588,1.13,1.50
