2018.01.05 16:00:00.172,1.17378,1.17388,2.36,2.06
2018.01.05 16:00:00.668,1.1738,1.1739,1.37,2.06
2018.01.05 16:00:01.111,1.17391,1.174,1.12,3.45
2018.01.05 16:00:01.217,1.17399,1.17409,1.50,1.00
2018.01.05 16:00:01.767,1.17399,1.17409,1.00,1.87
2018.01.05 16:00:02.087,1.17398,1.17406,1.37,1.25
2018.01.05 16:00:02.197,1.17396,1.17406,1.50,1.25
2018.01.05 16:00:02.250,1.17397,1.17404,1.37,1.00
2018.01.05 16:00:02.415,1.17398,1.17407,1.50,1.00
2018.01.05 16:00:02.519,1.17399,1.17404,1.37,1.00
2018.01.05 16:00:02.572,1.17399,1.17407,1.37,1.12
2018.01.05 16:00:02.727,1.17401,1.1741,1.87,1.39
2018.01.05 16:00:02.833,1.174,1.17408,1.37,1.00
2018.01.05 16:00:03.153,1.17399,1.17406,1.37,1.00
2018.01.05 16:00:03.672,1.17398,1.17406,1.87,1.00
2018.01.05 16:00:03.878,1.17398,1.17408,2.62,1.01
2018.01.05 16:00:04.295,1.17397,1.17407,2.06,2.32
2018.01.05 16:00:04.739,1.17394,1.17403,2.81,1.00
2018.01.05 16:00:04.798,1.17392,1.17403,2.62,1.76
2018.01.05 16:00:05.057,1.17392,1.17399,1.37,1.00
2018.01.05 16:00:05.282,1.1739,1.174,1.37,1.31
2018.01.05 16:00:05.335,1.17386,1.17394,1.37,1.25
2018.01.05 16:00:05.861,1.17386,1.17395,1.37,1.50
2018.01.05 16:00:06.212,1.17385,1.17394,1.37,2.14
2018.01.05 16:00:06.730,1.17384,1.17393,1.37,1.69
2018.01.05 16:00:07.209,1.17382,1.17391,1.50,1.00
2018.01.05 16:00:07.649,1.1738,1.17389,1.87,1.00
2018.01.05 16:00:08.169,1.1738,1.17389,1.87,1.00
2018.01.05 16:00:08.635,1.17387,1.17394,1.00,5.44
2018.01.05 16:00:08.687,1.17384,1.17391,1.00,1.00
2018.01.05 16:00:08.793,1.1738,1.17391,2.25,3.38
2018.01.05 16:00:09.105,1.17383,1.1739,1.00,1.00
2018.01.05 16:00:09.677,1.17382,1.1739,1.00,1.87
2018.01.05 16:00:10.129,1.17382,1.17387,1.00,1.50
2018.01.05 16:00:10.201,1.17379,1.17387,2.89,1.19
2018.01.05 16:00:11.253,1.17379,1.17386,1.00,1.50
2018.01.05 16:00:11.673,1.1738,1.17389,1.00,5.32
2018.01.05 16:00:11.883,1.17383,1.17388,1.00,1.12
2018.01.05 16:00:12.428,1.17381,1.17388,1.37,1.00
2018.01.05 16:00:12.481,1.17381,1.1739,1.87,1.12
2018.01.05 16:00:13.011,1.17381,1.1739,1.00,1.87
2018.01.05 16:00:13.634,1.1738,1.17388,1.87,1.00
2018.01.05 16:00:13.688,1.17379,1.17388,2.25,1.12
2018.01.05 16:00:13.898,1.17381,1.17389,1.00,1.87
2018.01.05 16:00:14.210,1.17378,1.17387,2.85,1.50
2018.01.05 16:00:14.953,1.17379,1.17388,1.12,1.12
2018.01.05 16:00:15.862,1.17379,1.17387,1.87,1.00
2018.01.05 16:00:16.558,1.17379,1.17388,1.12,1.12
2018.01.05 16:00:17.019,1.17381,1.17389,1.87,1.00
2018.01.05 16:00:17.359,1.17379,1.17387,2.25,1.00
2018.01.05 16:00:17.639,1.1738,1.17389,1.12,1.12
2018.01.05 16:00:18.116,1.17381,1.17388,2.06,1.00
2018.01.05 16:00:18.329,1.17381,1.1739,1.87,1.00
2018.01.05 16:00:18.749,1.17386,1.17392,1.12,1.00
2018.01.05 16:00:18.802,1.17387,1.17395,1.00,4.01
2018.01.05 16:00:18.855,1.17384,1.17393,1.37,1.12
2018.01.05 16:00:19.006,1.17383,1.17393,1.50,1.37
2018.01.05 16:00:19.216,1.17381,1.1739,1.12,1.12
2018.01.05 16:00:19.580,1.1738,1.17389,1.12,5.06
2018.01.05 16:00:20.125,1.17381,1.17388,1.00,1.00
2018.01.05 16:00:20.652,1.17381,1.17389,1.87,1.00
2018.01.05 16:00:21.185,1.17383,1.17391,1.00,1.31
2018.01.05 16:00:21.687,1.17384,1.17392,1.12,1.00
2018.01.05 16:00:22.054,1.17385,1.17394,2.62,1.00
2018.01.05 16:00:22.967,1.17385,1.17393,3.00,1.00
2018.01.05 16:00:23.314,1.17384,1.17391,2.25,1.00
2018.01.05 16:00:23.367,1.17384,1.17393,1.87,1.69
2018.01.05 16:00:24.182,1.17384,1.1739,2.06,1.00
2018.01.05 16:00:24.286,1.17384,1.17394,2.06,3.56
2018.01.05 16:00:24.496,1.17384,1.17391,2.06,1.00
2018.01.05 16:00:24.548,1.17384,1.17393,2.81,1.50
2018.01.05 16:00:24.704,1.17384,1.17391,2.06,1.00
2018.01.05 16:00:25.237,1.17383,1.17391,3.75,1.50
2018.01.05 16:00:27.035,1.17383,1.1739,2.25,1.00
2018.01.05 16:00:27.572,1.17383,1.17391,3.75,1.00
2018.01.05 16:00:28.078,1.17384,1.17392,1.31,1.00
2018.01.05 16:00:28.546,1.17383,1.17389,2.14,1.00
2018.01.05 16:00:28.598,1.17383,1.17391,2.14,1.00
2018.01.05 16:00:29.611,1.17383,1.17393,2.89,3.75
2018.01.05 16:00:30.317,1.17383,1.1739,2.29,1.00
2018.01.05 16:00:30.369,1.17383,1.17392,2.14,1.00
2018.01.05 16:00:31.571,1.17383,1.17391,3.07,1.00
2018.01.05 16:00:33.028,1.17384,1.17392,1.11,1.50
2018.01.05 16:00:33.795,1.17384,1.17392,1.58,1.00
2018.01.05 16:00:34.410,1.17384,1.17392,1.25,1.00
2018.01.05 16:00:35.813,1.17385,1.17393,3.19,1.00
2018.01.05 16:00:35.971,1.17386,1.17396,1.12,2.62
2018.01.05 16:00:36.179,1.17387,1.17396,1.50,1.00
2018.01.05 16:00:36.510,1.17385,1.17394,2.81,1.00
2018.01.05 16:00:37.042,1.17385,1.17394,1.12,1.50
2018.01.05 16:00:37.372,1.17385,1.17392,1.37,1.00
2018.01.05 16:00:37.889,1.17384,1.17393,2.06,1.00
2018.01.05 16:00:38.407,1.17384,1.17392,1.50,1.00
2018.01.05 16:00:39.329,1.17384,1.17393,2.06,1.00
2018.01.05 16:00:39.859,1.17385,1.17393,1.37,1.00
2018.01.05 16:00:40.386,1.17384,1.17393,2.62,1.00
2018.01.05 16:00:40.925,1.17383,1.17392,2.25,1.50
2018.01.05 16:00:41.466,1.17384,1.17393,1.12,1.87
2018.01.05 16:00:42.011,1.17384,1.17393,1.87,1.00
2018.01.05 16:00:42.559,1.17384,1.17392,2.62,1.00
2018.01.05 16:00:43.757,1.17384,1.17393,2.70,1.00
2018.01.05 16:00:44.275,1.17385,1.17393,1.87,1.00
2018.01.05 16:00:45.102,1.17386,1.17396,1.87,1.12
2018.01.05 16:00:45.902,1.17388,1.17398,1.12,1.87
2018.01.05 16:00:46.006,1.17389,1.17399,1.69,1.37
2018.01.05 16:00:46.058,1.1739,1.174,1.50,1.12
2018.01.05 16:00:47.048,1.17391,1.17402,1.87,3.94
2018.01.05 16:00:49.251,1.17392,1.17402,1.37,1.12
2018.01.05 16:00:49.568,1.17389,1.17396,1.57,1.00
2018.01.05 16:00:49.621,1.17387,1.17396,2.62,1.00
2018.01.05 16:00:49.674,1.17386,1.17393,2.25,1.00
2018.01.05 16:00:50.293,1.17387,1.17393,1.50,1.00
2018.01.05 16:00:50.345,1.17387,1.17395,1.50,1.00
2018.01.05 16:00:50.399,1.17387,1.17393,1.50,1.00
2018.01.05 16:00:50.607,1.17386,1.17394,1.00,1.00
2018.01.05 16:00:50.944,1.17385,1.17392,1.00,1.00
2018.01.05 16:00:51.461,1.17385,1.17392,1.87,1.00
2018.01.05 16:00:52.630,1.17386,1.17395,1.00,1.87
2018.01.05 16:00:52.789,1.17387,1.17395,2.62,1.00
2018.01.05 16:00:53.104,1.1739,1.17398,1.50,1.00
2018.01.05 16:00:53.637,1.17388,1.17399,2.44,1.00
2018.01.05 16:00:54.170,1.17389,1.17399,1.12,1.00
2018.01.05 16:00:54.752,1.17388,1.17398,2.44,1.00
2018.01.05 16:00:54.804,1.17389,1.174,1.12,1.50
2018.01.05 16:00:55.395,1.17389,1.17399,1.00,1.00
2018.01.05 16:00:55.916,1.17388,1.17398,2.89,1.00
2018.01.05 16:00:56.183,1.17386,1.17395,4.87,1.00
2018.01.05 16:00:56.523,1.17386,1.17393,1.00,1.00
2018.01.05 16:00:57.039,1.17386,1.17394,1.00,1.00
2018.01.05 16:00:57.548,1.17386,1.17393,1.00,1.00
2018.01.05 16:00:59.140,1.17386,1.17392,1.00,1.00
2018.01.05 16:00:59.616,1.17386,1.17395,1.00,1.50
2018.01.05 16:01:00.147,1.17387,1.17395,1.00,1.00
2018.01.05 16:01:00.606,1.17387,1.17397,1.50,1.00
2018.01.05 16:01:01.177,1.17387,1.17398,1.50,1.25
2018.01.05 16:01:01.800,1.17388,1.17399,1.25,1.69
2018.01.05 16:01:02.326,1.17386,1.17396,1.50,1.25
2018.01.05 16:01:02.547,1.17387,1.17398,1.00,1.25
2018.01.05 16:01:02.833,1.17387,1.17397,1.00,2.63
2018.01.05 16:01:03.146,1.17384,1.17394,1.50,2.44
2018.01.05 16:01:03.249,1.17386,1.17395,1.50,1.69
2018.01.05 16:01:03.354,1.17386,1.17396,1.50,1.25
2018.01.05 16:01:03.881,1.17386,1.17395,1.50,1.25
2018.01.05 16:01:04.474,1.17385,1.17395,1.00,1.25
2018.01.05 16:01:04.579,1.17383,1.17391,1.57,1.00
2018.01.05 16:01:05.491,1.17383,1.1739,1.00,1.00
2018.01.05 16:01:06.032,1.17381,1.1739,1.00,1.00
2018.01.05 16:01:06.540,1.1738,1.17389,1.00,1.00
2018.01.05 16:01:07.062,1.17379,1.17389,1.12,1.00
2018.01.05 16:01:07.574,1.17379,1.17388,1.69,1.50
2018.01.05 16:01:08.142,1.17381,1.1739,1.12,1.00
2018.01.05 16:01:08.455,1.17386,1.17394,1.50,1.25
2018.01.05 16:01:08.508,1.17387,1.17396,1.12,1.12
2018.01.05 16:01:08.561,1.1739,1.174,2.62,3.19
2018.01.05 16:01:09.026,1.17387,1.17398,4.01,1.69
2018.01.05 16:01:09.158,1.17387,1.17396,2.62,1.00
2018.01.05 16:01:09.314,1.17385,1.17395,2.70,1.00
2018.01.05 16:01:09.829,1.17384,1.17395,2.62,1.50
2018.01.05 16:01:10.308,1.17387,1.17397,1.00,3.19
2018.01.05 16:01:11.090,1.17387,1.17396,1.00,1.50
2018.01.05 16:01:11.142,1.17384,1.17394,1.95,1.00
2018.01.05 16:01:11.656,1.17384,1.17395,2.62,1.00
2018.01.05 16:01:12.164,1.17385,1.17396,1.00,2.32
2018.01.05 16:01:12.645,1.17384,1.17394,1.12,1.00
2018.01.05 16:01:13.093,1.17385,1.17396,1.00,2.32
2018.01.05 16:01:13.630,1.17384,1.17395,1.00,1.50
2018.01.05 16:01:13.785,1.17383,1.17393,3.94,1.00
2018.01.05 16:01:14.335,1.17383,1.17393,1.87,1.00
2018.01.05 16:01:14.877,1.17381,1.17392,2.62,1.00
2018.01.05 16:01:15.421,1.17381,1.17391,1.87,1.00
2018.01.05 16:01:15.899,1.17383,1.17394,1.00,2.81
2018.01.05 16:01:16.010,1.17383,1.17392,1.00,1.00
2018.01.05 16:01:16.064,1.17383,1.17394,1.00,2.81
2018.01.05 16:01:16.450,1.17381,1.17391,3.64,1.00
2018.01.05 16:01:16.505,1.17382,1.17393,1.25,1.69
2018.01.05 16:01:17.037,1.17383,1.17394,1.50,1.50
2018.01.05 16:01:17.304,1.17382,1.17392,1.12,1.00
2018.01.05 16:01:17.587,1.1738,1.17391,1.87,1.50
2018.01.05 16:01:17.641,1.1738,1.17389,2.06,1.00
2018.01.05 16:01:18.147,1.17381,1.17389,1.00,1.50
2018.01.05 16:01:18.652,1.17381,1.17388,1.00,1.00
2018.01.05 16:01:18.814,1.17379,1.17388,1.00,1.50
2018.01.05 16:01:19.379,1.17378,1.17388,3.00,1.00
2018.01.05 16:01:19.537,1.17385,1.17391,1.00,1.00
2018.01.05 16:01:19.851,1.17388,1.17397,1.50,3.00
2018.01.05 16:01:20.395,1.17387,1.17397,1.00,4.50
2018.01.05 16:01:20.914,1.17386,1.17393,1.00,1.37
2018.01.05 16:01:21.166,1.17384,1.17394,1.00,1.37
2018.01.05 16:01:21.685,1.17384,1.17391,1.50,1.00
2018.01.05 16:01:22.605,1.17384,1.17389,1.00,1.00
2018.01.05 16:01:22.760,1.17384,1.17391,1.00,1.00
2018.01.05 16:01:23.382,1.17384,1.1739,1.00,1.00
2018.01.05 16:01:23.486,1.17385,1.17392,1.00,2.25
2018.01.05 16:01:23.590,1.17387,1.17393,1.00,1.37
2018.01.05 16:01:24.109,1.17388,1.17397,1.00,1.87
2018.01.05 16:01:24.813,1.17386,1.17397,4.20,3.00
2018.01.05 16:01:25.145,1.17386,1.17396,3.37,1.00
2018.01.05 16:01:25.249,1.17387,1.17393,1.00,1.00
2018.01.05 16:01:25.629,1.17384,1.17394,1.50,1.00
2018.01.05 16:01:25.682,1.17384,1.17392,1.50,1.00
2018.01.05 16:01:26.305,1.17384,1.17393,1.50,1.00
2018.01.05 16:01:26.460,1.17384,1.17395,3.75,2.44
2018.01.05 16:01:26.513,1.17386,1.17395,1.87,1.50
2018.01.05 16:01:27.286,1.17385,1.17393,1.12,1.00
2018.01.05 16:01:27.661,1.17388,1.17396,1.00,2.25
2018.01.05 16:01:28.243,1.17387,1.17394,2.25,1.00
2018.01.05 16:01:29.120,1.17387,1.17395,2.25,1.00
2018.01.05 16:01:29.810,1.17387,1.17396,1.50,1.50
2018.01.05 16:01:30.126,1.17388,1.17398,1.00,1.50
2018.01.05 16:01:30.178,1.17388,1.17395,2.25,1.00
2018.01.05 16:01:30.539,1.17387,1.17396,1.00,2.25
2018.01.05 16:01:31.058,1.17386,1.17396,1.87,2.25
2018.01.05 16:01:31.788,1.1739,1.17396,1.00,1.57
2018.01.05 16:01:31.893,1.17393,1.17401,1.50,3.82
2018.01.05 16:01:32.158,1.17393,1.17403,3.00,2.81
2018.01.05 16:01:32.262,1.17392,1.174,1.87,1.00
2018.01.05 16:01:32.314,1.17392,1.17402,2.62,2.25
2018.01.05 16:01:32.907,1.17393,1.17403,1.12,1.69
2018.01.05 16:01:33.012,1.17393,1.174,1.12,1.00
2018.01.05 16:01:33.168,1.17391,1.174,1.87,1.50
2018.01.05 16:01:33.687,1.17392,1.174,1.50,1.50
2018.01.05 16:01:33.927,1.1739,1.17397,2.32,1.00
2018.01.05 16:01:34.131,1.17391,1.17399,1.00,1.87
2018.01.05 16:01:34.284,1.17391,1.17397,1.00,1.00
2018.01.05 16:01:34.913,1.1739,1.17399,1.95,1.50
2018.01.05 16:01:35.429,1.17391,1.17399,1.00,1.00
2018.01.05 16:01:35.597,1.17391,1.17397,1.00,1.00
2018.01.05 16:01:36.003,1.17385,1.17393,1.50,1.00
2018.01.05 16:01:36.159,1.17383,1.17392,1.50,1.00
2018.01.05 16:01:36.211,1.17386,1.17395,1.00,2.70
2018.01.05 16:01:36.768,1.17384,1.17394,2.25,1.00
2018.01.05 16:01:37.234,1.17384,1.17392,2.25,1.00
2018.01.05 16:01:37.594,1.17387,1.17395,1.00,1.00
2018.01.05 16:01:38.114,1.17387,1.17397,1.00,1.87
2018.01.05 16:01:38.615,1.17388,1.17398,2.25,2.10
2018.01.05 16:01:39.283,1.17388,1.17398,1.00,1.35
2018.01.05 16:01:39.801,1.17389,1.17399,1.00,1.00
2018.01.05 16:01:40.131,1.17392,1.174,1.00,1.95
2018.01.05 16:01:40.494,1.17393,1.17402,1.00,1.00
2018.01.05 16:01:41.139,1.17392,1.17401,1.50,1.00
2018.01.05 16:01:41.715,1.17392,1.17402,1.50,1.00
2018.01.05 16:01:41.991,1.17387,1.17396,1.50,3.60
2018.01.05 16:01:42.050,1.17385,1.17394,1.25,1.12
2018.01.05 16:01:42.103,1.17383,1.17393,1.10,1.60
2018.01.05 16:01:42.312,1.17379,1.17389,1.12,1.13
2018.01.05 16:01:42.364,1.17381,1.17389,1.00,1.00
2018.01.05 16:01:42.950,1.17379,1.17389,2.62,1.50
2018.01.05 16:01:43.376,1.17378,1.17389,4.50,1.50
2018.01.05 16:01:43.481,1.17379,1.17387,1.00,1.00
2018.01.05 16:01:43.638,1.17377,1.17386,1.50,1.00
2018.01.05 16:01:44.152,1.17378,1.17387,1.25,1.50
2018.01.05 16:01:44.732,1.17379,1.17389,1.12,3.97
2018.01.05 16:01:45.199,1.17382,1.17389,1.00,1.87
2018.01.05 16:01:45.304,1.17383,1.17393,2.25,1.12
2018.01.05 16:01:45.638,1.17381,1.17392,3.82,1.00
2018.01.05 16:01:46.003,1.17383,1.17392,1.12,1.00
2018.01.05 16:01:46.867,1.17382,1.1739,1.50,1.00
2018.01.05 16:01:46.977,1.1738,1.1739,1.12,2.66
2018.01.05 16:01:47.030,1.17379,1.17387,2.32,1.00
2018.01.05 16:01:47.562,1.17379,1.17388,1.25,1.00
2018.01.05 16:01:48.194,1.17381,1.17388,1.00,1.00
2018.01.05 16:01:48.402,1.17378,1.17387,3.82,1.00
2018.01.05 16:01:48.455,1.17377,1.17387,2.25,1.00
2018.01.05 16:01:48.967,1.17377,1.17386,1.00,1.00
2018.01.05 16:01:49.021,1.17379,1.17386,1.00,1.00
2018.01.05 16:01:49.541,1.1738,1.17387,1.00,1.00
2018.01.05 16:01:50.047,1.17379,1.17389,1.12,1.91
2018.01.05 16:01:50.100,1.17381,1.17389,1.00,1.91
2018.01.05 16:01:50.562,1.17383,1.1739,1.00,1.50
2018.01.05 16:01:50.672,1.17385,1.17396,2.62,1.35
2018.01.05 16:01:50.726,1.17383,1.17394,2.70,1.72
2018.01.05 16:01:50.834,1.17381,1.17391,1.10,1.00
2018.01.05 16:01:51.094,1.1738,1.17389,1.20,1.00
2018.01.05 16:01:51.641,1.1738,1.17389,1.12,1.00
2018.01.05 16:01:52.274,1.17379,1.17387,1.95,1.00
2018.01.05 16:01:52.803,1.17379,1.17388,1.00,1.50
2018.01.05 16:01:53.315,1.17378,1.17387,1.50,1.00
2018.01.05 16:01:53.836,1.17377,1.17387,1.50,2.44
2018.01.05 16:01:54.177,1.17376,1.17383,2.25,1.00
2018.01.05 16:01:54.384,1.17375,1.17383,1.12,1.00
2018.01.05 16:01:54.440,1.17373,1.17383,1.10,1.00
2018.01.05 16:01:54.752,1.17372,1.17381,1.12,1.00
2018.01.05 16:01:55.056,1.17377,1.17384,1.00,1.00
2018.01.05 16:01:55.212,1.17374,1.17384,1.00,1.87
2018.01.05 16:01:55.317,1.17371,1.17381,3.07,1.00
2018.01.05 16:01:55.680,1.1737,1.17379,1.20,1.50
2018.01.05 16:01:55.997,1.1737,1.17381,1.75,1.12
2018.01.05 16:01:56.314,1.17361,1.17371,1.20,1.00
2018.01.05 16:01:56.771,1.17363,1.17372,1.50,1.50
2018.01.05 16:01:56.823,1.17363,1.17374,2.25,2.32
2018.01.05 16:01:56.979,1.17361,1.17371,1.12,1.00
2018.01.05 16:01:57.031,1.17362,1.17373,1.00,2.62
2018.01.05 16:01:57.083,1.1736,1.17371,2.17,1.00
2018.01.05 16:01:57.535,1.17363,1.17372,1.00,1.50
2018.01.05 16:01:58.055,1.17364,1.17372,3.00,1.00
2018.01.05 16:01:58.649,1.17363,1.17371,1.57,1.00
2018.01.05 16:01:58.981,1.17365,1.17372,1.00,1.00
2018.01.05 16:01:59.518,1.17363,1.17373,1.25,1.50
2018.01.05 16:02:00.196,1.17364,1.17373,1.00,1.00
2018.01.05 16:02:00.456,1.17368,1.17375,1.00,1.00
2018.01.05 16:02:00.509,1.17366,1.17376,1.00,1.00
2018.01.05 16:02:00.838,1.17366,1.17377,2.89,1.00
2018.01.05 16:02:01.151,1.17371,1.17379,1.00,1.00
2018.01.05 16:02:01.205,1.17371,1.17381,1.00,1.50
2018.01.05 16:02:01.706,1.1737,1.1738,1.00,1.00
2018.01.05 16:02:02.235,1.17372,1.1738,1.00,1.00
2018.01.05 16:02:02.557,1.17384,1.1739,1.50,1.00
2018.01.05 16:02:02.611,1.17384,1.17392,1.50,1.00
2018.01.05 16:02:03.053,1.17385,1.17394,1.75,1.50
2018.01.05 16:02:03.298,1.17387,1.17397,1.87,1.13
2018.01.05 16:02:03.801,1.17387,1.17398,1.12,1.00
2018.01.05 16:02:04.013,1.17386,1.17393,2.25,1.00
2018.01.05 16:02:04.251,1.17388,1.17398,1.50,1.00
2018.01.05 16:02:04.512,1.17389,1.174,1.50,1.50
2018.01.05 16:02:04.565,1.17391,1.17402,3.00,2.25
2018.01.05 16:02:04.954,1.1739,1.17401,1.50,1.25
2018.01.05 16:02:05.474,1.17392,1.17401,1.00,1.00
2018.01.05 16:02:05.578,1.17392,1.17404,1.87,2.89
2018.01.05 16:02:05.759,1.17394,1.17404,1.50,1.50
2018.01.05 16:02:05.864,1.17396,1.17407,2.25,1.76
2018.01.05 16:02:06.072,1.17397,1.17408,2.44,1.00
2018.01.05 16:02:06.446,1.17397,1.17408,1.31,1.00
2018.01.05 16:02:06.499,1.17408,1.17414,1.50,1.12
2018.01.05 16:02:06.552,1.17409,1.17418,1.00,1.00
2018.01.05 16:02:06.605,1.17411,1.17419,1.50,1.50
2018.01.05 16:02:06.710,1.1741,1.17418,1.12,1.00
2018.01.05 16:02:06.763,1.17407,1.17418,3.07,1.00
2018.01.05 16:02:06.815,1.17407,1.17416,1.50,1.00
2018.01.05 16:02:07.467,1.17409,1.17419,1.12,1.00
2018.01.05 16:02:07.576,1.17412,1.17422,2.25,1.00
2018.01.05 16:02:07.907,1.17414,1.17424,3.00,1.00
2018.01.05 16:02:08.086,1.17417,1.17427,1.95,1.25
2018.01.05 16:02:08.296,1.17418,1.17427,2.25,1.00
2018.01.05 16:02:08.608,1.17423,1.17433,2.25,2.44
2018.01.05 16:02:08.875,1.17426,1.17434,1.50,1.00
2018.01.05 16:02:08.980,1.17427,1.17436,1.50,1.00
2018.01.05 16:02:09.033,1.17428,1.17439,1.12,2.14
2018.01.05 16:02:09.549,1.17427,1.17437,1.50,1.25
2018.01.05 16:02:10.162,1.17426,1.17437,1.50,1.13
2018.01.05 16:02:10.214,1.17426,1.17435,2.25,1.00
2018.01.05 16:02:10.378,1.17424,1.17436,1.12,2.44
2018.01.05 16:02:10.486,1.17423,1.17432,1.50,1.00
2018.01.05 16:02:10.591,1.17422,1.17432,2.25,1.00
2018.01.05 16:02:10.859,1.17421,1.17427,1.50,1.00
2018.01.05 16:02:11.118,1.17418,1.17428,1.50,2.25
2018.01.05 16:02:11.378,1.17417,1.17425,1.87,1.00
2018.01.05 16:02:11.570,1.17405,1.17416,1.87,1.00
2018.01.05 16:02:11.624,1.17409,1.1742,1.00,1.95
2018.01.05 16:02:11.731,1.1741,1.17421,1.00,3.45
2018.01.05 16:02:11.783,1.17408,1.17419,1.00,1.20
2018.01.05 16:02:12.144,1.17409,1.1742,1.00,3.07
2018.01.05 16:02:12.338,1.17405,1.17417,1.00,2.32
2018.01.05 16:02:12.453,1.17407,1.17416,1.00,1.20
2018.01.05 16:02:12.993,1.17405,1.17417,1.00,1.45
2018.01.05 16:02:13.049,1.17406,1.17415,1.00,1.58
2018.01.05 16:02:13.162,1.17399,1.17411,1.00,2.14
2018.01.05 16:02:13.216,1.17397,1.17409,1.12,1.39
2018.01.05 16:02:13.543,1.17399,1.17411,1.00,1.45
2018.01.05 16:02:13.886,1.17403,1.17413,1.87,1.00
2018.01.05 16:02:13.939,1.17404,1.17415,1.12,1.20
2018.01.05 16:02:14.226,1.17402,1.17413,1.50,1.10
2018.01.05 16:02:14.899,1.17402,1.17414,1.00,1.45
2018.01.05 16:02:15.476,1.17402,1.17413,1.50,1.20
2018.01.05 16:02:15.779,1.17406,1.17417,1.50,2.89
2018.01.05 16:02:16.298,1.17405,1.17416,1.00,1.20
2018.01.05 16:02:16.643,1.17403,1.17415,1.87,1.12
2018.01.05 16:02:17.167,1.17403,1.17414,1.00,1.00
2018.01.05 16:02:17.701,1.17402,1.17415,1.87,1.76
2018.01.05 16:02:18.019,1.17405,1.17415,1.00,1.57
2018.01.05 16:02:18.554,1.17405,1.17416,1.00,1.45
2018.01.05 16:02:19.242,1.17405,1.17416,1.50,1.45
2018.01.05 16:02:19.761,1.17407,1.17417,1.00,2.89
2018.01.05 16:02:19.864,1.17405,1.17417,1.00,3.64
2018.01.05 16:02:20.019,1.17407,1.17417,1.00,2.89
2018.01.05 16:02:20.242,1.17406,1.17418,1.00,1.76
2018.01.05 16:02:20.759,1.17405,1.17416,2.06,2.14
2018.01.05 16:02:20.811,1.17404,1.17416,2.81,1.70
2018.01.05 16:02:21.340,1.17405,1.17416,1.00,2.63
2018.01.05 16:02:21.724,1.17403,1.17415,1.50,1.10
2018.01.05 16:02:22.012,1.17401,1.17414,1.31,1.00
2018.01.05 16:02:22.168,1.174,1.17412,1.39,1.00
2018.01.05 16:02:22.485,1.17397,1.17409,1.00,2.06
2018.01.05 16:02:22.997,1.17396,1.17408,1.50,1.50
2018.01.05 16:02:23.311,1.17389,1.17399,1.00,1.00
2018.01.05 16:02:23.823,1.1739,1.174,1.00,1.50
2018.01.05 16:02:24.134,1.1739,1.17398,1.00,1.50
2018.01.05 16:02:24.341,1.17388,1.17398,1.10,2.44
2018.01.05 16:02:25.056,1.17388,1.17397,1.25,1.69
2018.01.05 16:02:25.623,1.17387,1.17396,1.00,2.14
2018.01.05 16:02:25.781,1.17388,1.17398,1.50,1.45
2018.01.05 16:02:25.886,1.1739,1.174,1.00,1.95
2018.01.05 16:02:26.146,1.17395,1.17406,2.25,1.45
2018.01.05 16:02:26.552,1.17398,1.17408,1.50,1.45
2018.01.05 16:02:26.661,1.17401,1.17412,1.00,1.45
2018.01.05 16:02:26.824,1.17404,1.17412,1.25,1.95
2018.01.05 16:02:27.044,1.17401,1.17411,1.50,1.45
2018.01.05 16:02:27.260,1.17398,1.17409,1.00,1.89
2018.01.05 16:02:27.314,1.17396,1.17409,1.12,3.26
2018.01.05 16:02:27.660,1.17397,1.17409,1.00,2.14
2018.01.05 16:02:28.182,1.17398,1.1741,1.00,1.45
2018.01.05 16:02:28.384,1.17399,1.17411,1.37,1.57
2018.01.05 16:02:28.437,1.17402,1.17412,1.00,1.00
2018.01.05 16:02:28.645,1.17402,1.17414,1.12,1.10
2018.01.05 16:02:28.801,1.17404,1.17415,2.44,1.33
2018.01.05 16:02:28.873,1.17404,1.17416,2.25,1.87
2018.01.05 16:02:29.052,1.17406,1.17417,1.12,1.31
2018.01.05 16:02:29.417,1.17406,1.17419,1.87,1.57
2018.01.05 16:02:30.029,1.17406,1.17419,1.12,3.26
2018.01.05 16:02:30.654,1.17404,1.17417,2.70,1.13
2018.01.05 16:02:30.768,1.17403,1.17415,1.95,1.25
2018.01.05 16:02:31.095,1.17409,1.17421,1.50,1.20
2018.01.05 16:02:31.147,1.1741,1.17422,1.50,1.31
2018.01.05 16:02:31.394,1.17411,1.17423,2.25,1.69
2018.01.05 16:02:31.917,1.17411,1.17424,2.62,3.00
2018.01.05 16:02:32.293,1.1741,1.17423,1.50,2.44
2018.01.05 16:02:32.827,1.17411,1.17423,1.00,1.25
2018.01.05 16:02:33.867,1.17411,1.17424,1.50,1.69
2018.01.05 16:02:34.138,1.17411,1.17422,1.12,1.37
2018.01.05 16:02:34.310,1.17418,1.1743,1.12,1.16
2018.01.05 16:02:34.366,1.17421,1.17433,1.50,2.11
2018.01.05 16:02:34.419,1.17421,1.17434,2.44,4.57
2018.01.05 16:02:34.730,1.17423,1.17434,1.00,1.00
2018.01.05 16:02:35.082,1.17421,1.17433,3.00,1.81
2018.01.05 16:02:35.135,1.17418,1.1743,4.50,1.25
2018.01.05 16:02:35.194,1.17422,1.17433,1.50,1.00
2018.01.05 16:02:35.247,1.17422,1.17435,1.31,2.14
2018.01.05 16:02:35.302,1.17424,1.17436,1.00,1.56
2018.01.05 16:02:35.696,1.17419,1.1743,1.00,1.76
2018.01.05 16:02:35.905,1.1742,1.17432,1.12,1.45
2018.01.05 16:02:36.166,1.1742,1.17432,1.00,1.89
2018.01.05 16:02:37.861,1.17419,1.1743,1.00,1.89
2018.01.05 16:02:38.400,1.17419,1.17431,1.00,1.01
2018.01.05 16:02:38.954,1.1742,1.17432,1.00,2.70
2018.01.05 16:02:40.322,1.17422,1.17433,1.00,2.51
2018.01.05 16:02:40.432,1.17422,1.17433,1.00,2.08
2018.01.05 16:02:40.537,1.1742,1.17433,1.12,3.64
2018.01.05 16:02:41.070,1.17418,1.1743,1.12,2.70
2018.01.05 16:02:41.278,1.1742,1.1743,1.00,1.01
2018.01.05 16:02:42.006,1.17419,1.1743,1.00,1.10
2018.01.05 16:02:42.527,1.1742,1.1743,1.00,1.10
2018.01.05 16:02:42.769,1.17417,1.17429,2.25,1.10
2018.01.05 16:02:42.873,1.17417,1.17428,2.25,1.07
2018.01.05 16:02:43.400,1.17417,1.17428,1.50,1.57
2018.01.05 16:02:44.316,1.17416,1.17425,1.12,1.00
2018.01.05 16:02:44.369,1.17416,1.17428,1.12,1.69
2018.01.05 16:02:45.495,1.17416,1.17426,1.12,1.00
2018.01.05 16:02:45.599,1.17416,1.17423,1.00,1.00
2018.01.05 16:02:45.652,1.17415,1.17426,1.57,1.31
2018.01.05 16:02:46.234,1.17416,1.17428,1.50,2.25
2018.01.05 16:02:47.467,1.17417,1.17428,1.00,1.00
2018.01.05 16:02:48.175,1.17413,1.17424,1.57,1.12
2018.01.05 16:02:48.497,1.17414,1.17427,1.87,1.50
2018.01.05 16:02:50.689,1.17413,1.17425,2.89,1.00
2018.01.05 16:02:51.208,1.17413,1.17424,1.95,1.00
2018.01.05 16:02:51.885,1.17413,1.17425,1.12,1.50
2018.01.05 16:02:52.408,1.17412,1.17424,1.12,3.19
2018.01.05 16:02:53.234,1.1741,1.17421,1.95,1.00
2018.01.05 16:02:53.765,1.1741,1.1742,1.12,1.25
2018.01.05 16:02:54.053,1.17413,1.17423,1.12,1.87
2018.01.05 16:02:54.157,1.17414,1.17425,1.00,1.00
2018.01.05 16:02:54.725,1.17415,1.17427,1.50,2.25
2018.01.05 16:02:55.243,1.17415,1.17427,1.50,1.12
2018.01.05 16:02:57.704,1.17416,1.17428,1.00,2.81
2018.01.05 16:02:58.251,1.17416,1.17428,1.00,2.06
2018.01.05 16:02:58.599,1.17418,1.17429,1.00,2.06
2018.01.05 16:02:59.104,1.17418,1.17429,1.00,1.57
2018.01.05 16:03:00.023,1.17416,1.17429,3.00,1.95
2018.01.05 16:03:00.550,1.17417,1.17428,1.00,1.57
2018.01.05 16:03:01.259,1.17417,1.17428,2.70,1.00
2018.01.05 16:03:01.313,1.17418,1.1743,1.45,2.25
2018.01.05 16:03:01.882,1.17418,1.17429,1.45,1.00
2018.01.05 16:03:02.388,1.17418,1.1743,2.32,1.87
2018.01.05 16:03:02.612,1.1742,1.17431,1.57,1.69
2018.01.05 16:03:02.666,1.1742,1.17431,1.57,1.12
2018.01.05 16:03:03.195,1.1742,1.1743,1.57,1.00
2018.01.05 16:03:03.719,1.1742,1.17429,1.57,1.00
2018.01.05 16:03:03.822,1.17418,1.17427,1.95,1.00
2018.01.05 16:03:04.356,1.17418,1.17428,1.57,1.00
2018.01.05 16:03:04.898,1.17419,1.17429,1.45,1.00
2018.01.05 16:03:06.123,1.17417,1.17427,3.07,1.00
2018.01.05 16:03:06.675,1.17417,1.17428,3.07,1.00
2018.01.05 16:03:07.206,1.17418,1.17429,1.57,1.00
2018.01.05 16:03:07.795,1.17418,1.1743,1.95,1.25
2018.01.05 16:03:08.532,1.17418,1.17429,1.45,1.00
2018.01.05 16:03:09.065,1.17417,1.17429,2.70,1.00
2018.01.05 16:03:09.600,1.17417,1.17429,1.95,1.00
2018.01.05 16:03:10.036,1.17416,1.17427,3.37,1.00
2018.01.05 16:03:10.146,1.17416,1.17427,1.00,2.25
2018.01.05 16:03:10.199,1.17414,1.17427,1.12,3.00
2018.01.05 16:03:10.563,1.17417,1.17428,1.12,1.00
2018.01.05 16:03:10.997,1.17416,1.17426,1.00,1.50
2018.01.05 16:03:11.274,1.17416,1.17428,1.50,2.06
2018.01.05 16:03:14.322,1.17416,1.17428,1.50,2.62
2018.01.05 16:03:14.910,1.17416,1.17428,1.50,1.50
2018.01.05 16:03:15.381,1.17416,1.17429,2.32,1.31
2018.01.05 16:03:15.796,1.17419,1.17432,2.32,4.50
2018.01.05 16:03:16.591,1.17419,1.17431,2.32,1.31
2018.01.05 16:03:17.108,1.17418,1.1743,1.57,2.06
2018.01.05 16:03:18.127,1.17418,1.1743,1.10,4.50
2018.01.05 16:03:18.628,1.17416,1.17429,3.07,2.44
2018.01.05 16:03:20.599,1.17415,1.17427,1.45,1.00
2018.01.05 16:03:21.159,1.17415,1.17427,1.95,1.25
2018.01.05 16:03:21.849,1.17415,1.17427,2.32,1.12
2018.01.05 16:03:22.377,1.17415,1.17427,1.57,1.25
2018.01.05 16:03:23.082,1.17416,1.17428,2.32,1.87
2018.01.05 16:03:23.238,1.17416,1.17428,1.12,1.87
2018.01.05 16:03:23.780,1.17415,1.17428,1.50,2.81
2018.01.05 16:03:24.669,1.17415,1.17428,1.87,2.06
2018.01.05 16:03:24.876,1.17415,1.17425,1.00,2.25
2018.01.05 16:03:25.348,1.17417,1.17426,1.00,1.00
2018.01.05 16:03:25.401,1.17418,1.1743,1.00,1.20
2018.01.05 16:03:25.905,1.17418,1.1743,1.20,1.31
2018.01.05 16:03:28.168,1.17418,1.17431,2.32,3.94
2018.01.05 16:03:29.822,1.17417,1.17429,3.45,1.00
2018.01.05 16:03:30.022,1.17416,1.17426,1.57,2.06
2018.01.05 16:03:30.127,1.17413,1.17425,1.57,2.25
2018.01.05 16:03:30.232,1.17414,1.17427,2.32,1.50
2018.01.05 16:03:30.598,1.17416,1.17429,1.95,2.06
2018.01.05 16:03:31.121,1.17417,1.17429,1.57,1.31
2018.01.05 16:03:31.767,1.17417,1.17428,1.57,1.00
2018.01.05 16:03:32.907,1.17417,1.17429,2.32,1.12
2018.01.05 16:03:34.336,1.17416,1.17428,1.95,1.12
2018.01.05 16:03:34.562,1.17417,1.17429,3.82,1.87
2018.01.05 16:03:35.613,1.17418,1.1743,1.45,1.31
2018.01.05 16:03:35.995,1.17418,1.17429,1.45,1.62
2018.01.05 16:03:36.513,1.17418,1.17429,1.45,2.06
2018.01.05 16:03:36.985,1.17416,1.17426,1.45,1.12
2018.01.05 16:03:37.425,1.17414,1.17426,1.57,2.06
2018.01.05 16:03:38.965,1.17414,1.17425,1.95,1.12
2018.01.05 16:03:39.692,1.17414,1.17425,1.45,1.12
2018.01.05 16:03:40.341,1.17412,1.17425,4.57,1.12
2018.01.05 16:03:42.139,1.17413,1.17424,1.57,1.00
2018.01.05 16:03:42.592,1.17411,1.17422,2.32,1.12
2018.01.05 16:03:43.098,1.17411,1.17422,1.57,1.12
2018.01.05 16:03:43.700,1.1741,1.17421,2.70,1.00
2018.01.05 16:03:44.211,1.1741,1.17422,1.95,2.06
2018.01.05 16:03:44.557,1.1741,1.1742,1.20,1.00
2018.01.05 16:03:46.184,1.17413,1.17421,1.57,1.25
2018.01.05 16:03:46.500,1.17416,1.17429,3.07,3.94
2018.01.05 16:03:46.655,1.17416,1.17429,3.07,3.00
2018.01.05 16:03:47.832,1.17416,1.17429,2.32,3.37
2018.01.05 16:03:48.343,1.17416,1.17429,2.32,3.37
2018.01.05 16:03:49.274,1.17418,1.17429,1.45,1.31
2018.01.05 16:03:49.780,1.17418,1.1743,1.45,4.12
2018.01.05 16:03:50.401,1.17418,1.17431,2.32,2.81
2018.01.05 16:03:50.938,1.17417,1.1743,2.70,3.94
2018.01.05 16:03:51.467,1.17417,1.17429,1.45,3.00
2018.01.05 16:03:52.006,1.17417,1.17429,1.45,3.00
2018.01.05 16:03:52.566,1.17416,1.17429,2.70,3.00
2018.01.05 16:03:52.745,1.17416,1.17427,1.00,1.62
2018.01.05 16:03:52.909,1.17415,1.17428,1.12,1.01
2018.01.05 16:03:53.337,1.17416,1.17429,1.95,1.50
2018.01.05 16:03:54.394,1.17416,1.17429,1.57,2.62
2018.01.05 16:03:54.705,1.17414,1.17426,1.12,1.12
2018.01.05 16:03:55.037,1.17419,1.17431,1.00,1.56
2018.01.05 16:03:55.620,1.17421,1.17433,1.80,4.39
2018.01.05 16:03:55.843,1.17424,1.17437,1.00,4.12
2018.01.05 16:03:55.947,1.17424,1.17437,1.45,3.37
2018.01.05 16:03:56.469,1.17423,1.17436,3.07,2.25
2018.01.05 16:03:56.929,1.17423,1.17435,2.32,1.37
2018.01.05 16:03:57.435,1.17423,1.17436,2.32,2.81
2018.01.05 16:03:58.171,1.17423,1.17436,2.32,2.06
2018.01.05 16:04:01.185,1.17424,1.17436,1.20,1.12
2018.01.05 16:04:01.594,1.17423,1.17435,1.57,2.44
2018.01.05 16:04:01.747,1.17424,1.17436,1.10,1.12
2018.01.05 16:04:03.250,1.17425,1.17438,1.10,2.44
2018.01.05 16:04:04.241,1.17425,1.17437,1.10,1.69
2018.01.05 16:04:04.755,1.17423,1.17436,1.57,1.50
2018.01.05 16:04:05.561,1.17423,1.17436,1.57,1.69
2018.01.05 16:04:06.071,1.17424,1.17436,1.12,1.50
2018.01.05 16:04:07.006,1.17423,1.17435,1.12,1.12
2018.01.05 16:04:07.256,1.17423,1.17433,1.00,1.00
2018.01.05 16:04:07.883,1.17421,1.17433,3.45,1.00
2018.01.05 16:04:08.419,1.17421,1.17434,3.45,3.00
2018.01.05 16:04:09.153,1.17423,1.17435,1.00,6.94
2018.01.05 16:04:09.655,1.17422,1.17434,1.12,2.62
2018.01.05 16:04:09.816,1.17427,1.1744,2.25,3.19
2018.01.05 16:04:09.920,1.17425,1.17438,3.26,1.12
2018.01.05 16:04:10.334,1.17424,1.17434,2.70,1.00
2018.01.05 16:04:10.387,1.17422,1.17434,3.37,3.00
2018.01.05 16:04:11.034,1.17421,1.17433,3.45,1.00
2018.01.05 16:04:13.393,1.17421,1.17434,2.32,2.44
2018.01.05 16:04:13.895,1.17422,1.17435,1.50,2.06
2018.01.05 16:04:14.413,1.17422,1.17434,1.00,1.00
2018.01.05 16:04:16.527,1.17422,1.17433,1.00,1.00
2018.01.05 16:04:17.134,1.17421,1.17432,1.12,1.00
2018.01.05 16:04:18.983,1.1742,1.17431,1.10,1.19
2018.01.05 16:04:19.501,1.1742,1.17429,1.00,1.00
2018.01.05 16:04:20.154,1.17416,1.17427,1.10,1.12
2018.01.05 16:04:20.218,1.17414,1.17426,1.57,1.00
2018.01.05 16:04:20.727,1.17413,1.17425,2.32,1.00
2018.01.05 16:04:21.262,1.17414,1.17426,1.20,1.25
2018.01.05 16:04:21.809,1.17413,1.17425,1.95,1.00
2018.01.05 16:04:22.352,1.17413,1.17426,2.32,1.12
2018.01.05 16:04:23.196,1.17415,1.17426,1.00,1.12
2018.01.05 16:04:23.846,1.17415,1.17427,1.57,1.12
2018.01.05 16:04:26.916,1.17417,1.17427,1.00,1.12
2018.01.05 16:04:27.231,1.17419,1.1743,1.00,1.12
2018.01.05 16:04:28.286,1.17419,1.17429,1.00,1.00
2018.01.05 16:04:28.475,1.17417,1.17428,1.00,1.00
2018.01.05 16:04:28.531,1.17419,1.17429,1.00,1.87
2018.01.05 16:04:28.688,1.17419,1.17431,2.25,1.00
2018.01.05 16:04:28.740,1.17421,1.17432,1.00,1.87
2018.01.05 16:04:29.068,1.17418,1.17429,1.57,1.00
2018.01.05 16:04:29.603,1.17418,1.17429,1.00,1.00
2018.01.05 16:04:30.388,1.17416,1.17425,1.46,1.00
2018.01.05 16:04:30.905,1.17416,1.17426,1.00,1.69
2018.01.05 16:04:30.958,1.17414,1.17425,1.10,1.00
2018.01.05 16:04:32.555,1.17414,1.17424,1.00,1.00
2018.01.05 16:04:35.582,1.17414,1.17426,1.10,3.19
2018.01.05 16:04:36.089,1.17416,1.17427,1.00,3.75
2018.01.05 16:04:36.682,1.17416,1.17426,1.00,1.12
2018.01.05 16:04:37.592,1.17416,1.17427,1.10,1.12
2018.01.05 16:04:38.197,1.17414,1.17427,4.12,2.44
2018.01.05 16:04:39.788,1.17409,1.17417,1.50,1.19
2018.01.05 16:04:39.894,1.17407,1.17414,1.87,1.00
2018.01.05 16:04:40.308,1.17408,1.17417,1.76,1.44
2018.01.05 16:04:40.824,1.17408,1.17418,1.76,1.25
2018.01.05 16:04:40.876,1.17408,1.17417,1.76,1.31
2018.01.05 16:04:41.281,1.17408,1.17418,2.89,1.25
2018.01.05 16:04:41.554,1.17408,1.17418,1.76,1.19
2018.01.05 16:04:41.661,1.17408,1.17418,1.76,1.25
2018.01.05 16:04:41.713,1.17408,1.17418,1.76,1.19
2018.01.05 16:04:42.297,1.17408,1.1742,2.51,1.69
2018.01.05 16:04:42.350,1.17408,1.1742,3.90,1.50
2018.01.05 16:04:42.901,1.17408,1.1742,2.21,1.50
2018.01.05 16:04:44.642,1.17409,1.1742,1.00,1.00
2018.01.05 16:04:46.263,1.17409,1.1742,1.95,1.00
2018.01.05 16:04:46.803,1.17409,1.1742,1.10,1.00
2018.01.05 16:04:47.169,1.17407,1.17417,1.71,1.00
2018.01.05 16:04:47.378,1.17408,1.17419,1.76,1.12
2018.01.05 16:04:47.902,1.17409,1.17419,1.00,1.25
2018.01.05 16:04:48.883,1.17408,1.17419,2.21,1.00
2018.01.05 16:04:49.458,1.17409,1.17421,1.00,1.31
2018.01.05 16:04:49.870,1.17409,1.17419,1.10,1.00
2018.01.05 16:04:50.434,1.17408,1.17419,1.01,1.69
2018.01.05 16:04:51.039,1.17408,1.17418,1.76,1.00
2018.01.05 16:04:52.019,1.17408,1.17417,1.46,1.00
2018.01.05 16:04:52.338,1.17408,1.17419,1.39,1.50
2018.01.05 16:04:52.903,1.17408,1.17418,1.20,1.00
2018.01.05 16:04:54.859,1.17408,1.17418,2.51,1.00
2018.01.05 16:04:55.932,1.17408,1.17419,2.51,1.00
2018.01.05 16:04:57.134,1.17408,1.1742,4.09,1.00
2018.01.05 16:04:57.351,1.17408,1.17418,1.84,1.00
2018.01.05 16:04:57.888,1.17408,1.1742,1.39,3.75
2018.01.05 16:04:58.810,1.17407,1.1742,3.34,3.00
2018.01.05 16:04:59.356,1.17407,1.17419,2.51,1.50
2018.01.05 16:05:00.071,1.17408,1.17419,1.01,1.50
2018.01.05 16:05:00.395,1.17408,1.17417,1.39,1.00
2018.01.05 16:05:00.802,1.17408,1.17419,1.39,2.25
2018.01.05 16:05:01.011,1.17409,1.17417,1.50,1.00
2018.01.05 16:05:01.554,1.17409,1.17418,1.50,1.00
2018.01.05 16:05:02.074,1.17409,1.17417,1.50,1.00
2018.01.05 16:05:02.678,1.17409,1.17417,1.12,1.00
2018.01.05 16:05:03.197,1.17408,1.17418,1.76,1.00
2018.01.05 16:05:03.854,1.17408,1.17418,2.89,1.00
2018.01.05 16:05:04.676,1.17408,1.1742,4.76,1.50
2018.01.05 16:05:04.730,1.17408,1.1742,3.71,1.00
2018.01.05 16:05:04.785,1.1741,1.17421,1.50,1.87
2018.01.05 16:05:04.844,1.1741,1.17423,3.00,1.12
2018.01.05 16:05:04.957,1.17412,1.17424,1.00,1.87
2018.01.05 16:05:07.923,1.17411,1.17423,1.00,1.00
2018.01.05 16:05:10.507,1.17411,1.17424,1.00,2.14
2018.01.05 16:05:14.875,1.17412,1.17424,1.00,2.06
2018.01.05 16:05:15.394,1.17413,1.17425,1.00,1.87
2018.01.05 16:05:15.794,1.1741,1.17422,1.57,1.31
2018.01.05 16:05:16.108,1.17412,1.17423,1.00,1.69
2018.01.05 16:05:16.358,1.1741,1.17423,2.74,3.00
2018.01.05 16:05:18.613,1.17409,1.17421,3.22,1.00
2018.01.05 16:05:19.444,1.17409,1.17422,3.86,1.12
2018.01.05 16:05:19.974,1.1741,1.17422,1.35,1.25
2018.01.05 16:05:20.494,1.1741,1.17422,3.11,1.00
2018.01.05 16:05:22.669,1.1741,1.17423,4.39,1.00
2018.01.05 16:05:22.864,1.17412,1.17424,2.32,1.12
2018.01.05 16:05:23.494,1.17413,1.17424,1.20,1.00
2018.01.05 16:05:25.233,1.17413,1.17425,1.20,1.00
2018.01.05 16:05:26.281,1.17414,1.17426,1.10,1.12
2018.01.05 16:05:26.799,1.17416,1.17428,1.00,1.87
2018.01.05 16:05:27.917,1.17414,1.17425,1.20,1.00
2018.01.05 16:05:28.126,1.1741,1.17423,2.96,1.50
2018.01.05 16:05:28.232,1.17413,1.17424,1.87,1.00
2018.01.05 16:05:28.387,1.17415,1.17426,1.37,1.50
2018.01.05 16:05:29.718,1.17414,1.17424,3.07,1.00
2018.01.05 16:05:30.049,1.1741,1.17422,2.59,1.50
2018.01.05 16:05:30.108,1.17411,1.1742,1.50,1.00
2018.01.05 16:05:30.217,1.17411,1.17422,1.50,2.81
2018.01.05 16:05:30.742,1.17412,1.17421,1.50,1.00
2018.01.05 16:05:30.795,1.17412,1.17424,1.45,1.25
2018.01.05 16:05:30.848,1.17412,1.17422,1.45,1.00
2018.01.05 16:05:31.366,1.17411,1.17423,7.01,1.00
2018.01.05 16:05:31.905,1.17411,1.17423,3.82,1.50
2018.01.05 16:05:32.288,1.1741,1.17421,3.52,1.00
2018.01.05 16:05:32.878,1.1741,1.17422,3.90,1.00
2018.01.05 16:05:34.119,1.1741,1.1742,5.44,1.00
2018.01.05 16:05:34.225,1.1741,1.17422,4.46,1.00
2018.01.05 16:05:35.114,1.17413,1.17422,2.25,1.00
2018.01.05 16:05:35.167,1.17416,1.17424,1.10,1.00
2018.01.05 16:05:35.221,1.17416,1.17426,1.10,1.00
2018.01.05 16:05:35.751,1.17414,1.17425,1.57,1.00
2018.01.05 16:05:36.517,1.17414,1.17423,1.00,1.00
2018.01.05 16:05:36.572,1.17411,1.17423,2.32,1.25
2018.01.05 16:05:36.676,1.17411,1.17421,1.57,1.00
2018.01.05 16:05:37.129,1.17412,1.17423,1.57,1.00
2018.01.05 16:05:38.561,1.17411,1.17422,2.70,1.00
2018.01.05 16:05:39.238,1.17411,1.17421,1.00,1.00
2018.01.05 16:05:40.245,1.1741,1.1742,2.21,1.00
2018.01.05 16:05:40.851,1.1741,1.17421,2.14,1.00
2018.01.05 16:05:41.353,1.17411,1.17422,1.50,1.50
2018.01.05 16:05:42.630,1.1741,1.17421,2.51,1.00
2018.01.05 16:05:43.757,1.1741,1.17421,2.14,1.00
2018.01.05 16:05:43.967,1.17416,1.17427,1.75,3.37
2018.01.05 16:05:44.024,1.17417,1.17428,1.00,1.00
2018.01.05 16:05:44.557,1.17415,1.17428,2.70,1.00
2018.01.05 16:05:45.113,1.17416,1.17427,1.20,1.00
2018.01.05 16:05:45.623,1.17416,1.17428,1.20,1.00
2018.01.05 16:05:46.207,1.17416,1.17427,1.20,1.00
2018.01.05 16:05:46.906,1.17416,1.17428,1.20,1.00
2018.01.05 16:05:49.909,1.17416,1.17427,1.12,1.00
2018.01.05 16:05:50.211,1.17418,1.17428,1.37,1.00
2018.01.05 16:05:50.264,1.17419,1.17431,1.00,1.50
2018.01.05 16:05:50.370,1.17421,1.17432,1.50,1.00
2018.01.05 16:05:50.695,1.1742,1.17429,1.50,1.00
2018.01.05 16:05:51.229,1.17419,1.17429,1.57,1.00
2018.01.05 16:05:51.842,1.17419,1.1743,1.50,1.00
2018.01.05 16:05:51.895,1.17417,1.17429,2.89,1.00
2018.01.05 16:05:52.051,1.17419,1.1743,1.87,1.00
2018.01.05 16:05:52.314,1.1742,1.17432,1.20,1.00
2018.01.05 16:05:52.483,1.17417,1.17429,2.32,1.00
2018.01.05 16:05:53.014,1.17418,1.17428,1.50,1.00
2018.01.05 16:05:53.553,1.17418,1.17424,1.50,1.00
2018.01.05 16:05:53.713,1.17413,1.17421,1.50,2.06
2018.01.05 16:05:53.818,1.17412,1.17417,1.00,1.00
2018.01.05 16:05:54.005,1.17407,1.17417,1.50,1.19
2018.01.05 16:05:54.532,1.17407,1.17418,1.89,1.87
2018.01.05 16:05:54.745,1.17407,1.1742,3.07,1.87
2018.01.05 16:05:55.215,1.17408,1.17418,1.87,1.00
2018.01.05 16:05:55.726,1.17408,1.17417,1.76,1.00
2018.01.05 16:05:55.881,1.17408,1.17419,1.76,1.50
2018.01.05 16:05:56.683,1.17408,1.1742,1.76,1.69
2018.01.05 16:05:57.027,1.1741,1.17422,1.87,1.50
2018.01.05 16:05:57.337,1.17409,1.1742,1.20,1.00
2018.01.05 16:05:57.728,1.17407,1.17416,1.76,1.19
2018.01.05 16:05:58.247,1.17407,1.17417,1.12,1.25
2018.01.05 16:05:58.404,1.17407,1.17415,1.12,1.00
2018.01.05 16:05:58.511,1.17404,1.17416,2.32,1.00
2018.01.05 16:05:58.672,1.17403,1.17414,1.65,1.19
2018.01.05 16:05:58.776,1.17402,1.17412,1.12,1.00
2018.01.05 16:05:59.377,1.17403,1.17412,1.00,1.00
2018.01.05 16:05:59.887,1.17403,1.17411,1.00,1.00
2018.01.05 16:06:00.396,1.17403,1.17412,1.00,1.25
2018.01.05 16:06:01.131,1.174,1.17411,1.87,1.69
2018.01.05 16:06:01.235,1.17398,1.17408,1.00,1.00
2018.01.05 16:06:01.757,1.17398,1.17409,1.25,1.88
2018.01.05 16:06:01.977,1.17398,1.17407,1.00,1.00
2018.01.05 16:06:02.236,1.17398,1.17409,1.00,1.50
2018.01.05 16:06:04.485,1.17398,1.1741,1.87,1.50
2018.01.05 16:06:05.025,1.17398,1.17409,2.25,1.00
2018.01.05 16:06:05.700,1.17398,1.17409,2.81,1.00
2018.01.05 16:06:08.090,1.17398,1.17408,1.88,1.00
2018.01.05 16:06:08.535,1.17398,1.1741,2.81,1.25
2018.01.05 16:06:10.019,1.17397,1.17409,1.47,1.00
2018.01.05 16:06:10.544,1.17396,1.17409,2.25,1.00
2018.01.05 16:06:12.052,1.17398,1.1741,1.00,1.01
2018.01.05 16:06:12.587,1.17399,1.17412,1.00,3.26
2018.01.05 16:06:13.145,1.17399,1.17412,1.00,1.58
2018.01.05 16:06:17.728,1.17397,1.1741,1.50,2.33
2018.01.05 16:06:18.306,1.17397,1.17409,1.25,1.57
2018.01.05 16:06:19.160,1.17397,1.17409,1.25,1.12
2018.01.05 16:06:20.313,1.17398,1.1741,1.00,1.58
2018.01.05 16:06:20.417,1.17399,1.17411,1.00,1.00
2018.01.05 16:06:21.116,1.17398,1.17411,1.10,1.12
2018.01.05 16:06:23.006,1.17397,1.1741,2.14,1.25
2018.01.05 16:06:24.421,1.17399,1.1741,1.00,1.50
2018.01.05 16:06:24.957,1.17399,1.17411,1.25,1.50
2018.01.05 16:06:28.975,1.17398,1.17411,1.50,1.50
2018.01.05 16:06:30.022,1.17398,1.17411,1.00,2.25
2018.01.05 16:06:30.577,1.17399,1.17411,1.00,1.76
2018.01.05 16:06:31.082,1.174,1.17411,1.00,1.25
2018.01.05 16:06:31.922,1.17399,1.17411,1.00,1.00
2018.01.05 16:06:32.481,1.17398,1.17411,1.50,1.50
2018.01.05 16:06:33.137,1.17398,1.17411,1.31,1.88
2018.01.05 16:06:34.186,1.17398,1.17411,1.12,1.88
2018.01.05 16:06:40.447,1.17397,1.1741,2.33,1.00
2018.01.05 16:06:40.960,1.17398,1.17411,1.00,2.25
2018.01.05 16:06:42.813,1.17399,1.17411,1.00,1.13
2018.01.05 16:06:43.327,1.17398,1.17411,1.12,1.88
2018.01.05 16:06:44.529,1.17399,1.17411,1.00,1.13
2018.01.05 16:06:45.810,1.17398,1.17411,1.00,2.25
2018.01.05 16:06:46.018,1.17398,1.17411,1.10,2.25
2018.01.05 16:06:48.478,1.17396,1.17409,1.57,2.81
2018.01.05 16:06:48.532,1.17397,1.17409,1.10,1.50
2018.01.05 16:06:49.859,1.17397,1.1741,1.12,2.14
2018.01.05 16:06:50.378,1.17398,1.1741,1.00,1.00
2018.01.05 16:06:57.572,1.17398,1.17411,1.00,3.00
2018.01.05 16:06:57.817,1.174,1.17412,1.27,1.10
2018.01.05 16:06:57.870,1.17406,1.17415,1.00,1.00
2018.01.05 16:06:57.923,1.17404,1.17416,1.00,1.12
2018.01.05 16:06:58.439,1.17402,1.17415,4.39,1.00
2018.01.05 16:06:58.963,1.17404,1.17415,1.00,1.25
2018.01.05 16:06:59.494,1.17404,1.17416,1.50,1.31
2018.01.05 16:06:59.704,1.17401,1.17413,1.20,1.00
2018.01.05 16:07:06.986,1.17401,1.17413,1.00,1.00
2018.01.05 16:07:08.157,1.174,1.17413,1.50,1.87
2018.01.05 16:07:08.685,1.17401,1.17413,1.00,2.25
2018.01.05 16:07:09.190,1.17401,1.17413,1.00,2.06
2018.01.05 16:07:10.309,1.17401,1.17412,1.00,1.00
2018.01.05 16:07:10.848,1.17401,1.17411,1.00,1.00
2018.01.05 16:07:13.573,1.17402,1.17411,1.00,1.00
2018.01.05 16:07:17.108,1.17402,1.17413,1.00,1.00
2018.01.05 16:07:17.883,1.17401,1.17412,1.69,1.00
2018.01.05 16:07:22.450,1.17403,1.17412,1.00,1.00
2018.01.05 16:07:31.123,1.17403,1.17414,1.00,1.50
2018.01.05 16:07:32.182,1.17407,1.17415,1.00,1.57
2018.01.05 16:07:32.235,1.17407,1.17417,1.00,1.00
2018.01.05 16:07:32.965,1.17406,1.17419,2.25,2.44
2018.01.05 16:07:33.016,1.17408,1.17419,1.00,2.25
2018.01.05 16:07:33.660,1.17408,1.17419,1.00,2.06
2018.01.05 16:07:33.714,1.17406,1.17419,1.50,2.25
2018.01.05 16:07:33.818,1.17406,1.17416,1.00,1.00
2018.01.05 16:07:33.871,1.17407,1.17418,1.12,1.50
2018.01.05 16:07:34.052,1.1741,1.17422,3.19,1.00
2018.01.05 16:07:34.568,1.17411,1.17425,1.31,4.95
2018.01.05 16:07:34.890,1.17405,1.17418,1.95,2.06
2018.01.05 16:07:34.943,1.17405,1.17418,1.50,2.14
2018.01.05 16:07:35.470,1.17406,1.17417,1.00,1.12
2018.01.05 16:07:38.383,1.17405,1.17417,1.87,1.00
2018.01.05 16:07:41.908,1.17406,1.17417,1.12,1.00
2018.01.05 16:07:43.426,1.17405,1.17417,1.00,1.00
2018.01.05 16:07:45.159,1.17404,1.17416,1.31,1.25
2018.01.05 16:07:45.211,1.17404,1.17414,1.50,1.00
2018.01.05 16:07:45.264,1.17404,1.17416,1.69,1.31
2018.01.05 16:07:46.540,1.17404,1.17417,1.50,3.38
2018.01.05 16:07:47.197,1.17404,1.17414,1.12,1.00
2018.01.05 16:07:48.428,1.17402,1.17414,1.25,1.88
2018.01.05 16:07:49.692,1.17402,1.17412,1.00,1.00
2018.01.05 16:07:50.129,1.174,1.17412,1.31,1.50
2018.01.05 16:07:55.959,1.174,1.17412,2.81,1.00
2018.01.05 16:07:56.065,1.17402,1.17414,2.06,1.00
2018.01.05 16:07:56.727,1.17402,1.17413,1.13,1.00
2018.01.05 16:07:58.211,1.17402,1.17412,1.12,1.00
2018.01.05 16:07:58.315,1.17402,1.17414,1.31,1.76
2018.01.05 16:07:58.826,1.17402,1.17414,1.69,1.00
2018.01.05 16:07:59.342,1.17402,1.17415,2.06,1.50
2018.01.05 16:08:02.826,1.17402,1.17415,2.25,1.00
2018.01.05 16:08:03.166,1.17402,1.17413,1.13,1.00
2018.01.05 16:08:03.386,1.17403,1.17415,1.12,1.69
2018.01.05 16:08:04.804,1.17402,1.17413,1.50,1.00
2018.01.05 16:08:06.502,1.17401,1.17413,2.06,1.25
2018.01.05 16:08:08.056,1.17401,1.17412,1.25,1.00
2018.01.05 16:08:09.053,1.17399,1.17412,4.76,1.00
2018.01.05 16:08:09.570,1.174,1.17412,1.87,1.00
2018.01.05 16:08:11.538,1.174,1.17412,1.12,1.00
2018.01.05 16:08:12.051,1.17398,1.17411,3.75,1.00
2018.01.05 16:08:12.568,1.174,1.17411,1.00,1.25
2018.01.05 16:08:14.096,1.17399,1.17411,1.31,1.69
2018.01.05 16:08:15.568,1.17398,1.1741,1.50,1.00
2018.01.05 16:08:16.286,1.17398,1.1741,1.00,1.00
2018.01.05 16:08:17.633,1.17399,1.1741,1.00,1.00
2018.01.05 16:08:18.542,1.17399,1.1741,1.87,1.00
2018.01.05 16:08:19.044,1.17399,1.1741,1.00,1.00
2018.01.05 16:08:21.148,1.17398,1.17411,2.06,1.69
2018.01.05 16:08:22.356,1.17401,1.17413,1.88,1.00
2018.01.05 16:08:24.859,1.174,1.17412,1.69,1.25
2018.01.05 16:08:25.175,1.17398,1.1741,1.12,1.25
2018.01.05 16:08:28.090,1.17399,1.17411,1.00,3.00
2018.01.05 16:08:30.640,1.17399,1.17411,1.00,2.06
2018.01.05 16:08:30.951,1.174,1.17413,1.50,1.69
2018.01.05 16:08:31.055,1.17402,1.17413,1.00,1.00
2018.01.05 16:08:31.159,1.174,1.17413,1.87,1.57
2018.01.05 16:08:31.953,1.174,1.17413,1.87,1.95
2018.01.05 16:08:32.207,1.17402,1.17413,1.12,1.20
2018.01.05 16:08:32.465,1.17402,1.17415,1.31,2.25
2018.01.05 16:08:33.007,1.17402,1.17415,1.12,2.44
2018.01.05 16:08:34.109,1.17402,1.17415,2.06,1.76
2018.01.05 16:08:34.741,1.17402,1.17415,1.87,2.70
2018.01.05 16:08:35.540,1.17404,1.17415,1.12,1.25
2018.01.05 16:08:35.592,1.17404,1.17417,2.06,2.14
2018.01.05 16:08:36.123,1.17406,1.17417,1.12,1.25
2018.01.05 16:08:36.227,1.17406,1.17417,1.00,2.14
2018.01.05 16:08:36.654,1.17405,1.17417,1.00,1.76
2018.01.05 16:08:37.265,1.17405,1.17417,1.12,1.44
2018.01.05 16:08:38.163,1.17407,1.17417,1.37,1.25
2018.01.05 16:08:38.740,1.17406,1.17417,1.37,2.63
2018.01.05 16:08:39.089,1.17406,1.17415,1.37,2.78
2018.01.05 16:08:39.142,1.17404,1.17414,1.37,1.40
2018.01.05 16:08:39.298,1.17402,1.17414,1.00,1.20
2018.01.05 16:08:39.351,1.17403,1.17414,1.37,1.20
2018.01.05 16:08:39.903,1.17403,1.17414,1.37,1.88
2018.01.05 16:08:40.425,1.17402,1.17413,1.50,1.00
2018.01.05 16:08:41.179,1.17403,1.17414,1.00,1.00
2018.01.05 16:08:41.501,1.17404,1.17416,2.81,1.19
2018.01.05 16:08:42.028,1.17404,1.17416,2.89,1.25
2018.01.05 16:08:43.107,1.17405,1.17416,2.81,1.00
2018.01.05 16:08:43.644,1.17407,1.17416,1.00,1.00
2018.01.05 16:08:44.417,1.17407,1.17418,1.00,1.00
2018.01.05 16:08:44.470,1.17409,1.17418,1.00,1.00
2018.01.05 16:08:53.259,1.17409,1.17418,1.45,1.00
2018.01.05 16:08:53.783,1.17409,1.17418,1.20,1.00
2018.01.05 16:08:54.321,1.17409,1.17418,1.45,1.00
2018.01.05 16:08:54.926,1.17409,1.17418,1.00,1.00
2018.01.05 16:08:56.052,1.17409,1.1742,1.00,1.69
2018.01.05 16:08:56.966,1.17408,1.1742,1.57,1.00
2018.01.05 16:09:00.233,1.1741,1.17421,1.00,2.06
2018.01.05 16:09:00.440,1.17408,1.17421,1.00,2.06
2018.01.05 16:09:00.573,1.17408,1.17419,1.00,1.00
2018.01.05 16:09:01.646,1.17408,1.17417,1.00,1.00
2018.01.05 16:09:02.164,1.17407,1.17418,1.00,1.25
2018.01.05 16:09:02.921,1.17406,1.17417,1.12,1.00
2018.01.05 16:09:07.086,1.17407,1.17417,1.00,1.00
2018.01.05 16:09:07.620,1.17406,1.17417,1.00,1.00
2018.01.05 16:09:15.326,1.17403,1.17415,2.81,1.00
2018.01.05 16:09:17.388,1.17403,1.17414,2.81,1.00
2018.01.05 16:09:18.458,1.17405,1.17414,1.00,1.00
2018.01.05 16:09:19.226,1.17404,1.17414,1.12,1.00
2018.01.05 16:09:20.188,1.17406,1.17416,1.00,1.10
2018.01.05 16:09:20.397,1.17404,1.17417,1.12,1.57
2018.01.05 16:09:23.155,1.17406,1.17417,1.00,1.57
2018.01.05 16:09:25.308,1.17403,1.17417,2.62,2.14
2018.01.05 16:09:25.697,1.17403,1.17415,2.62,1.00
2018.01.05 16:09:26.828,1.17403,1.17415,1.12,1.00
2018.01.05 16:09:29.626,1.17403,1.17414,1.12,1.69
2018.01.05 16:09:30.148,1.17401,1.17413,1.87,1.25
2018.01.05 16:09:32.777,1.17401,1.17414,3.19,1.00
2018.01.05 16:09:33.375,1.17403,1.17414,1.12,1.00
2018.01.05 16:09:34.001,1.17403,1.17415,1.12,1.50
2018.01.05 16:09:34.446,1.17401,1.17408,1.47,1.00
2018.01.05 16:09:34.499,1.17399,1.17409,1.50,1.00
2018.01.05 16:09:34.552,1.17401,1.17412,1.87,1.00
2018.01.05 16:09:35.098,1.17402,1.17413,1.12,1.50
2018.01.05 16:09:35.604,1.17402,1.17413,2.62,1.00
2018.01.05 16:09:38.613,1.17403,1.17414,1.37,1.50
2018.01.05 16:09:39.755,1.17404,1.17413,1.12,1.00
2018.01.05 16:09:39.807,1.17402,1.17413,3.00,1.50
2018.01.05 16:09:40.876,1.17402,1.17411,2.25,1.00
2018.01.05 16:09:41.708,1.17402,1.17411,1.12,1.00
2018.01.05 16:09:42.196,1.17402,1.17413,1.12,1.00
2018.01.05 16:09:42.249,1.17403,1.17413,1.37,1.00
2018.01.05 16:09:42.534,1.17402,1.17413,1.50,1.50
2018.01.05 16:09:43.094,1.17403,1.17414,1.12,1.00
2018.01.05 16:09:43.620,1.17403,1.17415,1.12,1.00
2018.01.05 16:09:44.137,1.17401,1.17412,1.12,1.50
2018.01.05 16:09:44.720,1.17402,1.17412,1.12,1.00
2018.01.05 16:09:46.217,1.17401,1.17412,1.12,1.50
2018.01.05 16:09:46.533,1.17399,1.1741,1.87,1.00
2018.01.05 16:09:51.681,1.17399,1.17411,2.06,1.00
2018.01.05 16:09:52.251,1.17399,1.1741,1.37,1.00
2018.01.05 16:09:52.458,1.17399,1.17412,1.37,2.32
2018.01.05 16:09:52.945,1.17399,1.1741,1.91,1.00
2018.01.05 16:09:53.527,1.17398,1.17409,2.06,1.00
2018.01.05 16:09:54.056,1.17397,1.17408,2.66,1.00
2018.01.05 16:09:57.083,1.17397,1.17409,1.62,1.00
2018.01.05 16:09:57.486,1.17397,1.17407,1.62,1.00
2018.01.05 16:09:57.541,1.17394,1.17407,2.89,1.50
2018.01.05 16:09:57.701,1.17396,1.17407,1.87,1.00
2018.01.05 16:09:58.575,1.17396,1.17408,3.37,1.00
2018.01.05 16:09:59.195,1.17396,1.17409,2.89,1.00
2018.01.05 16:09:59.511,1.17398,1.17409,2.06,1.00
2018.01.05 16:10:00.068,1.17398,1.1741,2.06,1.00
2018.01.05 16:10:00.942,1.17398,1.1741,1.31,1.50
2018.01.05 16:10:01.046,1.17398,1.17412,2.32,3.53
2018.01.05 16:10:01.626,1.17399,1.17412,2.06,2.25
2018.01.05 16:10:03.008,1.17398,1.1741,1.87,1.00
2018.01.05 16:10:03.552,1.17399,1.17411,1.31,1.00
2018.01.05 16:10:04.943,1.17398,1.1741,2.44,1.00
2018.01.05 16:10:07.070,1.17398,1.17412,3.00,1.01
2018.01.05 16:10:07.576,1.17398,1.17411,3.07,1.00
2018.01.05 16:10:10.529,1.17398,1.17412,3.75,1.57
2018.01.05 16:10:11.050,1.17399,1.17412,1.62,1.50
2018.01.05 16:10:17.164,1.174,1.17412,2.44,1.00
2018.01.05 16:10:17.342,1.17403,1.17415,1.37,1.00
2018.01.05 16:10:17.656,1.17402,1.17413,1.00,1.25
2018.01.05 16:10:18.182,1.17398,1.17411,5.32,1.00
2018.01.05 16:10:19.090,1.17396,1.17407,2.51,1.00
2018.01.05 16:10:19.196,1.17394,1.17407,1.87,1.50
2018.01.05 16:10:21.357,1.17393,1.17405,1.87,1.00
2018.01.05 16:10:21.936,1.17394,1.17407,1.62,2.25
2018.01.05 16:10:22.529,1.17394,1.17406,2.25,1.00
2018.01.05 16:10:24.660,1.17394,1.17405,1.37,1.00
2018.01.05 16:10:24.765,1.17392,1.17402,1.00,1.00
2018.01.05 16:10:24.921,1.17389,1.17403,1.95,1.12
2018.01.05 16:10:25.590,1.1739,1.17404,2.06,1.20
2018.01.05 16:10:26.108,1.17391,1.17405,1.39,3.19
2018.01.05 16:10:26.647,1.17391,1.17405,2.70,1.31
2018.01.05 16:10:27.314,1.17391,1.17405,2.70,1.31
2018.01.05 16:10:27.949,1.17391,1.17405,3.45,1.12
2018.01.05 16:10:28.655,1.17392,1.17405,1.50,1.00
2018.01.05 16:10:32.379,1.17392,1.17405,1.37,2.89
2018.01.05 16:10:32.431,1.17391,1.17404,1.00,1.50
2018.01.05 16:10:32.935,1.1739,1.17404,1.95,1.31
2018.01.05 16:10:33.477,1.1739,1.17403,1.47,1.00
2018.01.05 16:10:34.865,1.1739,1.17404,1.39,2.25
2018.01.05 16:10:35.479,1.17391,1.17402,1.37,1.00
2018.01.05 16:10:35.816,1.17389,1.17403,2.32,2.25
2018.01.05 16:10:38.657,1.17388,1.17402,2.06,1.57
2018.01.05 16:10:39.164,1.17388,1.17402,2.25,1.57
2018.01.05 16:10:39.936,1.17388,1.17401,1.50,1.00
2018.01.05 16:10:40.706,1.17388,1.17402,2.25,1.39
2018.01.05 16:10:41.740,1.17388,1.17402,1.31,2.14
2018.01.05 16:10:42.501,1.17389,1.17403,1.12,4.20
2018.01.05 16:10:43.028,1.17387,1.17402,3.82,2.06
2018.01.05 16:10:43.135,1.17388,1.174,1.10,1.00
2018.01.05 16:10:43.964,1.17387,1.17401,2.44,1.58
2018.01.05 16:10:45.586,1.1739,1.17401,1.00,1.01
2018.01.05 16:10:45.972,1.17394,1.17405,1.69,1.00
2018.01.05 16:10:46.024,1.17394,1.17407,1.50,1.76
2018.01.05 16:10:46.131,1.17396,1.17407,2.06,1.00
2018.01.05 16:10:46.752,1.17398,1.17409,1.25,1.20
2018.01.05 16:10:47.264,1.17398,1.17409,1.50,1.00
2018.01.05 16:10:47.901,1.17398,1.17409,1.50,1.00
2018.01.05 16:10:48.261,1.17398,1.17407,1.12,1.00
2018.01.05 16:10:48.315,1.17399,1.17411,1.31,2.44
2018.01.05 16:10:48.427,1.17399,1.17408,1.00,1.00
2018.01.05 16:10:48.944,1.17398,1.17408,1.50,1.00
2018.01.05 16:10:51.243,1.17398,1.17409,2.25,1.25
2018.01.05 16:10:51.698,1.17398,1.17411,3.38,1.20
2018.01.05 16:10:54.827,1.17398,1.1741,3.19,1.00
2018.01.05 16:10:56.961,1.17399,1.1741,1.88,1.00
2018.01.05 16:10:58.368,1.17399,1.1741,1.69,1.00
2018.01.05 16:11:04.017,1.17397,1.1741,1.37,2.63
2018.01.05 16:11:04.921,1.17397,1.17409,1.37,1.00
2018.01.05 16:11:05.441,1.17396,1.17409,1.95,1.00
2018.01.05 16:11:06.191,1.17396,1.17409,1.95,1.44
2018.01.05 16:11:08.265,1.17393,1.17401,1.37,1.44
2018.01.05 16:11:08.319,1.17388,1.17398,1.07,1.25
2018.01.05 16:11:08.372,1.17386,1.17398,1.87,1.88
2018.01.05 16:11:08.904,1.17386,1.174,2.62,2.70
2018.01.05 16:11:12.074,1.17386,1.174,2.25,1.39
2018.01.05 16:11:12.127,1.17389,1.17402,1.37,1.76
2018.01.05 16:11:12.444,1.17397,1.17408,1.00,1.25
2018.01.05 16:11:12.548,1.17394,1.17408,1.87,2.62
2018.01.05 16:11:13.136,1.17393,1.17406,3.26,1.25
2018.01.05 16:11:13.677,1.17393,1.17406,1.39,1.25
2018.01.05 16:11:14.699,1.17392,1.17405,4.01,1.00
2018.01.05 16:11:16.371,1.17394,1.17406,1.00,3.26
2018.01.05 16:11:16.893,1.17394,1.17406,1.87,1.00
2018.01.05 16:11:20.774,1.17394,1.17403,2.06,1.00
2018.01.05 16:11:20.827,1.17389,1.17402,2.62,1.69
2018.01.05 16:11:20.992,1.17389,1.174,1.00,1.44
2018.01.05 16:11:21.538,1.17388,1.17399,2.25,1.00
2018.01.05 16:11:22.561,1.17388,1.174,1.31,1.25
2018.01.05 16:11:23.085,1.17388,1.17401,3.37,1.00
2018.01.05 16:11:23.708,1.17389,1.17401,1.00,1.19
2018.01.05 16:11:24.242,1.17387,1.17401,1.95,1.87
2018.01.05 16:11:24.764,1.17386,1.174,3.07,1.12
2018.01.05 16:11:25.284,1.17388,1.17402,1.12,1.57
2018.01.05 16:11:26.497,1.17387,1.17401,2.14,1.12
2018.01.05 16:11:26.812,1.17387,1.174,1.00,2.06
2018.01.05 16:11:27.226,1.17387,1.17401,4.76,1.31
2018.01.05 16:11:27.332,1.17387,1.17398,3.00,1.25
2018.01.05 16:11:27.385,1.17385,1.17398,2.32,2.06
2018.01.05 16:11:27.633,1.17383,1.17396,1.57,1.31
2018.01.05 16:11:27.686,1.17382,1.17392,2.62,1.25
2018.01.05 16:11:27.738,1.17384,1.17397,4.12,3.82
2018.01.05 16:11:27.791,1.17384,1.17397,1.95,2.06
2018.01.05 16:11:28.471,1.17384,1.17397,2.14,2.81
2018.01.05 16:11:29.002,1.17383,1.17396,3.75,1.20
2018.01.05 16:11:31.402,1.17383,1.17397,3.75,3.26
2018.01.05 16:11:31.455,1.17383,1.17397,3.75,1.57
2018.01.05 16:11:33.096,1.17384,1.17398,1.31,4.76
2018.01.05 16:11:34.281,1.17383,1.17397,4.50,2.89
2018.01.05 16:11:34.964,1.17385,1.17398,1.25,3.64
2018.01.05 16:11:36.666,1.17384,1.17398,2.06,3.45
2018.01.05 16:11:38.307,1.17385,1.17398,1.00,2.70
2018.01.05 16:11:43.065,1.17384,1.17397,1.31,2.32
2018.01.05 16:11:45.207,1.17383,1.17395,1.76,1.50
2018.01.05 16:11:46.986,1.17383,1.17394,1.12,1.00
2018.01.05 16:11:47.333,1.1738,1.1739,2.32,1.25
2018.01.05 16:11:47.643,1.17383,1.17392,1.31,1.00
2018.01.05 16:11:48.173,1.17382,1.17394,3.00,1.00
2018.01.05 16:11:50.084,1.17384,1.17394,1.00,1.00
2018.01.05 16:11:51.713,1.17382,1.17391,2.06,1.00
2018.01.05 16:11:52.026,1.17384,1.17393,2.44,1.00
2018.01.05 16:11:52.080,1.17384,1.17396,1.69,1.87
2018.01.05 16:11:53.918,1.17384,1.17395,2.81,1.00
2018.01.05 16:11:54.022,1.17384,1.17397,2.81,2.25
2018.01.05 16:11:54.546,1.17385,1.17397,1.69,1.19
2018.01.05 16:11:55.360,1.17385,1.17394,2.44,1.00
2018.01.05 16:11:55.413,1.17383,1.17394,1.12,1.50
2018.01.05 16:12:00.180,1.17383,1.17394,3.37,1.00
2018.01.05 16:12:00.684,1.17383,1.17392,2.06,1.00
2018.01.05 16:12:01.222,1.17383,1.17394,1.31,1.19
2018.01.05 16:12:01.786,1.17383,1.17394,2.44,1.00
2018.01.05 16:12:02.713,1.17383,1.17393,1.00,1.00
2018.01.05 16:12:03.221,1.17383,1.17394,1.25,1.00
2018.01.05 16:12:06.432,1.17383,1.17393,1.00,1.00
2018.01.05 16:12:06.588,1.17381,1.17392,1.50,1.00
2018.01.05 16:12:07.136,1.17381,1.17392,2.06,1.00
2018.01.05 16:12:07.859,1.17383,1.17392,1.00,1.50
2018.01.05 16:12:09.210,1.17383,1.17393,1.00,1.00
2018.01.05 16:12:12.800,1.17383,1.17392,1.00,1.00
2018.01.05 16:12:13.380,1.17381,1.17392,1.87,1.50
2018.01.05 16:12:13.952,1.17383,1.17392,1.00,1.50
2018.01.05 16:12:16.105,1.17382,1.17388,1.25,1.00
2018.01.05 16:12:16.209,1.17381,1.17392,2.25,1.00
2018.01.05 16:12:16.756,1.17383,1.17392,1.00,1.00
2018.01.05 16:12:17.292,1.17383,1.17393,1.12,1.00
2018.01.05 16:12:17.834,1.17383,1.17394,1.25,1.50
2018.01.05 16:12:18.889,1.17383,1.17395,2.62,1.50
2018.01.05 16:12:19.411,1.17384,1.17395,1.25,1.00
2018.01.05 16:12:20.153,1.17383,1.17395,2.06,1.00
2018.01.05 16:12:21.171,1.17386,1.17397,1.12,1.10
2018.01.05 16:12:21.483,1.17386,1.17399,2.25,1.87
2018.01.05 16:12:23.363,1.17386,1.17399,1.31,1.50
2018.01.05 16:12:23.917,1.17385,1.17398,4.95,1.00
2018.01.05 16:12:25.776,1.17385,1.17398,2.25,1.87
2018.01.05 16:12:26.522,1.17385,1.17398,2.06,2.62
2018.01.05 16:12:28.118,1.17385,1.17397,1.31,1.00
2018.01.05 16:12:28.859,1.17383,1.17395,2.14,1.19
2018.01.05 16:12:29.396,1.17383,1.17393,1.00,1.00
2018.01.05 16:12:30.283,1.17381,1.17393,1.00,1.50
2018.01.05 16:12:30.438,1.17383,1.17392,1.00,1.00
2018.01.05 16:12:30.981,1.17383,1.17394,1.00,3.37
2018.01.05 16:12:31.139,1.17381,1.17393,1.69,1.00
2018.01.05 16:12:31.245,1.17383,1.17393,1.00,1.00
2018.01.05 16:12:31.775,1.17383,1.17392,1.00,1.00
2018.01.05 16:12:33.360,1.17383,1.17393,1.25,1.10
2018.01.05 16:12:33.880,1.17383,1.17394,1.13,1.50
2018.01.05 16:12:34.390,1.17383,1.17393,1.44,1.00
2018.01.05 16:12:34.625,1.17383,1.17395,1.12,1.25
2018.01.05 16:12:38.034,1.17383,1.17393,1.00,1.13
2018.01.05 16:12:38.556,1.17382,1.17392,1.12,1.50
2018.01.05 16:12:39.106,1.17383,1.17392,1.00,1.50
2018.01.05 16:12:40.094,1.17383,1.17394,1.25,1.31
2018.01.05 16:12:40.823,1.17383,1.17395,1.88,1.50
2018.01.05 16:12:41.023,1.17383,1.17393,1.25,1.88
2018.01.05 16:12:41.540,1.17383,1.17392,1.00,1.50
2018.01.05 16:12:42.846,1.17383,1.17391,1.00,1.00
2018.01.05 16:12:43.376,1.17383,1.17392,1.00,1.25
2018.01.05 16:12:44.276,1.17383,1.17392,1.00,1.19
2018.01.05 16:12:45.071,1.17383,1.17392,1.00,1.25
2018.01.05 16:12:46.748,1.17383,1.17395,5.14,1.25
2018.01.05 16:12:47.285,1.17383,1.17396,4.31,2.06
2018.01.05 16:12:48.166,1.17383,1.17395,3.56,1.25
2018.01.05 16:12:48.679,1.17383,1.17393,1.20,1.44
2018.01.05 16:12:49.251,1.17383,1.17392,2.44,1.00
2018.01.05 16:12:49.774,1.17383,1.17392,1.31,1.00
2018.01.05 16:12:50.321,1.17383,1.17393,1.31,1.50
2018.01.05 16:12:52.333,1.17383,1.17394,1.50,1.00
2018.01.05 16:12:52.881,1.17383,1.17395,1.87,1.76
2018.01.05 16:12:54.305,1.17383,1.17395,3.37,1.25
2018.01.05 16:12:57.298,1.17383,1.17396,3.37,2.32
2018.01.05 16:12:57.893,1.17384,1.17396,2.44,1.00
2018.01.05 16:12:58.418,1.17385,1.17397,1.00,1.50
2018.01.05 16:12:59.288,1.17385,1.17396,1.00,1.00
2018.01.05 16:13:00.074,1.17385,1.17397,2.62,1.00
2018.01.05 16:13:00.597,1.17385,1.17396,2.62,1.00
2018.01.05 16:13:01.244,1.17387,1.17398,1.31,1.50
2018.01.05 16:13:01.934,1.17387,1.17398,2.25,1.00
2018.01.05 16:13:02.788,1.17387,1.17398,1.50,1.00
2018.01.05 16:13:03.303,1.17386,1.17398,1.50,1.50
2018.01.05 16:13:06.702,1.17386,1.17398,2.62,1.00
2018.01.05 16:13:10.713,1.17386,1.17398,3.37,1.00
2018.01.05 16:13:13.805,1.17387,1.17398,1.00,1.00
2018.01.05 16:13:14.336,1.17387,1.17399,2.62,3.22
2018.01.05 16:13:15.480,1.17387,1.17398,1.31,1.35
2018.01.05 16:13:16.136,1.17386,1.17397,2.06,1.00
2018.01.05 16:13:16.654,1.17386,1.17397,1.00,1.00
2018.01.05 16:13:17.361,1.17385,1.17398,3.75,4.72
2018.01.05 16:13:18.415,1.17385,1.17398,3.00,5.66
2018.01.05 16:13:18.467,1.17385,1.17394,1.00,1.25
2018.01.05 16:13:19.003,1.17383,1.17393,2.25,1.00
2018.01.05 16:13:19.528,1.17383,1.17393,1.12,1.25
2018.01.05 16:13:20.095,1.17383,1.17392,1.12,1.00
2018.01.05 16:13:23.151,1.17383,1.17393,1.12,1.25
2018.01.05 16:13:24.360,1.17383,1.17392,1.12,1.00
2018.01.05 16:13:26.264,1.17383,1.17391,1.12,1.00
2018.01.05 16:13:26.992,1.17383,1.17392,1.87,1.00
2018.01.05 16:13:27.334,1.17383,1.17394,2.25,2.62
2018.01.05 16:13:28.278,1.17385,1.17392,1.50,1.00
2018.01.05 16:13:28.537,1.17384,1.17396,2.62,2.70
2018.01.05 16:13:29.064,1.17385,1.17396,3.94,1.12
2018.01.05 16:13:29.925,1.17385,1.17397,1.69,2.44
2018.01.05 16:13:30.520,1.17384,1.17397,5.25,2.44
2018.01.05 16:13:33.322,1.17384,1.17397,4.87,2.44
2018.01.05 16:13:36.866,1.17384,1.17397,2.44,3.94
2018.01.05 16:13:37.507,1.17384,1.17397,2.62,2.06
2018.01.05 16:13:38.036,1.17384,1.17397,5.25,2.44
2018.01.05 16:13:41.907,1.17385,1.17398,1.50,2.81
2018.01.05 16:13:42.445,1.17384,1.17396,5.06,1.00
2018.01.05 16:13:43.357,1.17385,1.17397,1.00,2.44
2018.01.05 16:13:43.880,1.17384,1.17396,2.62,2.62
2018.01.05 16:13:45.145,1.17383,1.17396,2.62,4.76
2018.01.05 16:13:45.954,1.17383,1.17395,2.62,1.00
2018.01.05 16:13:46.823,1.17383,1.17394,1.69,1.00
2018.01.05 16:13:47.246,1.17383,1.17396,2.62,4.01
2018.01.05 16:13:48.145,1.17383,1.17396,2.62,3.56
2018.01.05 16:13:48.847,1.17383,1.17396,2.62,3.37
2018.01.05 16:13:50.645,1.17384,1.17396,1.00,2.62
2018.01.05 16:13:53.506,1.17384,1.17397,3.00,3.00
2018.01.05 16:13:54.096,1.17385,1.17397,1.25,1.69
2018.01.05 16:13:55.372,1.17384,1.17397,2.62,1.50
2018.01.05 16:13:55.479,1.17386,1.17397,1.00,1.00
2018.01.05 16:13:56.003,1.17386,1.17399,1.87,4.69
2018.01.05 16:13:56.884,1.17381,1.17392,1.00,1.31
2018.01.05 16:13:57.161,1.17375,1.17388,1.88,2.06
2018.01.05 16:13:57.687,1.17375,1.17388,2.51,1.31
2018.01.05 16:13:59.615,1.17376,1.17388,3.26,1.50
2018.01.05 16:14:00.362,1.17376,1.17388,3.45,1.31
2018.01.05 16:14:02.211,1.17376,1.17387,1.00,1.25
2018.01.05 16:14:04.528,1.17376,1.17388,1.00,2.63
2018.01.05 16:14:04.632,1.17375,1.17386,1.25,1.39
2018.01.05 16:14:05.143,1.17374,1.17386,1.12,1.76
2018.01.05 16:14:05.661,1.17374,1.17386,1.44,1.31
2018.01.05 16:14:06.285,1.17373,1.17386,1.69,2.14
2018.01.05 16:14:06.595,1.17371,1.17381,1.10,1.63
2018.01.05 16:14:06.647,1.17369,1.17381,1.00,2.89
2018.01.05 16:14:07.193,1.17367,1.1738,2.81,1.12
2018.01.05 16:14:07.728,1.17368,1.1738,1.44,1.12
2018.01.05 16:14:08.239,1.17367,1.1738,3.75,1.57
2018.01.05 16:14:08.677,1.17366,1.17379,3.37,2.81
2018.01.05 16:14:09.536,1.17373,1.1738,1.69,1.12
2018.01.05 16:14:09.590,1.17373,1.17384,1.69,1.63
2018.01.05 16:14:09.644,1.17375,1.17385,1.25,2.06
2018.01.05 16:14:09.801,1.17375,1.17388,1.88,3.64
2018.01.05 16:14:12.081,1.17375,1.17388,3.94,1.31
2018.01.05 16:14:12.620,1.17378,1.1739,1.00,1.50
2018.01.05 16:14:13.176,1.17379,1.1739,1.00,2.06
2018.01.05 16:14:13.281,1.17382,1.17395,1.88,3.26
2018.01.05 16:14:13.386,1.17381,1.17393,1.69,2.81
2018.01.05 16:14:13.894,1.1738,1.17392,1.69,2.25
2018.01.05 16:14:14.519,1.17381,1.17392,1.00,2.06
2018.01.05 16:14:15.178,1.17381,1.17392,2.63,1.87
2018.01.05 16:14:16.883,1.1738,1.17392,1.25,2.33
2018.01.05 16:14:17.594,1.1738,1.17391,1.25,1.00
2018.01.05 16:14:20.323,1.17379,1.17391,1.25,1.69
2018.01.05 16:14:20.849,1.17378,1.1739,1.69,2.25
2018.01.05 16:14:22.450,1.17378,1.1739,1.69,2.25
2018.01.05 16:14:32.448,1.17379,1.1739,1.00,1.25
2018.01.05 16:14:32.777,1.17377,1.17389,1.13,1.19
2018.01.05 16:14:35.913,1.17376,1.17389,4.39,1.44
2018.01.05 16:14:36.282,1.17384,1.17393,1.00,2.89
2018.01.05 16:14:36.335,1.17381,1.17393,1.44,1.25
2018.01.05 16:14:36.935,1.17381,1.17393,1.69,1.20
2018.01.05 16:14:39.173,1.1738,1.17393,2.81,2.25
2018.01.05 16:14:41.762,1.17387,1.17396,1.19,2.25
2018.01.05 16:14:41.815,1.1739,1.17399,1.00,1.95
2018.01.05 16:14:41.868,1.17387,1.174,1.88,2.89
2018.01.05 16:14:42.025,1.17387,1.174,1.31,1.48
2018.01.05 16:14:42.602,1.17387,1.174,2.06,1.48
2018.01.05 16:14:43.361,1.17387,1.174,3.00,1.88
2018.01.05 16:14:43.878,1.17388,1.174,3.00,1.00
2018.01.05 16:14:44.404,1.17388,1.174,2.63,1.88
2018.01.05 16:14:44.923,1.17388,1.174,2.63,1.69
2018.01.05 16:14:48.940,1.17387,1.17398,1.00,1.25
2018.01.05 16:14:49.268,1.17383,1.17393,1.12,1.00
2018.01.05 16:14:49.373,1.1738,1.17392,1.69,2.06
2018.01.05 16:14:49.875,1.17379,1.17392,2.06,2.14
2018.01.05 16:14:51.586,1.17378,1.17391,2.44,3.00
2018.01.05 16:14:53.530,1.17378,1.1739,1.12,1.25
2018.01.05 16:14:54.117,1.17377,1.1739,2.14,3.23
2018.01.05 16:14:54.945,1.17377,1.1739,2.89,3.23
2018.01.05 16:14:56.263,1.17377,1.17389,2.89,1.00
2018.01.05 16:14:56.668,1.17379,1.17391,1.25,1.54
2018.01.05 16:14:56.927,1.1738,1.17393,4.50,1.95
2018.01.05 16:14:57.503,1.17381,1.17393,1.12,1.44
2018.01.05 16:14:59.603,1.17381,1.17393,2.06,1.25
2018.01.05 16:15:00.130,1.17382,1.17393,1.00,1.00
2018.01.05 16:15:02.140,1.1738,1.17391,1.87,1.00
2018.01.05 16:15:02.298,1.17377,1.1739,2.14,3.19
2018.01.05 16:15:02.405,1.17376,1.17388,1.69,1.50
2018.01.05 16:15:02.512,1.17376,1.17386,1.25,1.00
2018.01.05 16:15:02.564,1.17374,1.17386,1.12,1.50
2018.01.05 16:15:03.589,1.17374,1.17386,1.50,1.50
2018.01.05 16:15:04.225,1.17374,1.17385,1.50,1.00
2018.01.05 16:15:04.560,1.17375,1.17387,1.63,1.57
2018.01.05 16:15:05.086,1.17373,1.17386,4.87,1.31
2018.01.05 16:15:05.145,1.17373,1.17384,1.31,1.25
2018.01.05 16:15:05.476,1.17375,1.17388,3.07,1.31
2018.01.05 16:15:08.268,1.17375,1.17388,3.45,1.87
2018.01.05 16:15:08.682,1.17378,1.17388,1.31,1.12
2018.01.05 16:15:08.787,1.17387,1.17399,2.25,2.70
2018.01.05 16:15:09.265,1.17385,1.17395,1.00,1.88
2018.01.05 16:15:09.318,1.17381,1.17393,1.07,1.31
2018.01.05 16:15:09.373,1.1738,1.17393,1.12,1.50
2018.01.05 16:15:09.737,1.1738,1.17394,3.82,2.44
2018.01.05 16:15:10.395,1.1738,1.17394,4.69,2.33
2018.01.05 16:15:10.602,1.17381,1.17394,1.62,1.69
2018.01.05 16:15:12.054,1.17379,1.17392,3.45,1.50
2018.01.05 16:15:12.842,1.17379,1.17391,1.12,1.69
2018.01.05 16:15:13.365,1.17379,1.17391,1.50,1.50
2018.01.05 16:15:13.878,1.17379,1.17391,1.31,1.50
2018.01.05 16:15:16.848,1.17379,1.17391,2.25,2.25
2018.01.05 16:15:18.777,1.17379,1.17392,3.26,1.50
2018.01.05 16:15:23.458,1.17381,1.17392,1.25,1.00
2018.01.05 16:15:24.051,1.1738,1.17391,1.00,1.25
2018.01.05 16:15:25.134,1.17379,1.17391,1.31,1.25
2018.01.05 16:15:25.477,1.17379,1.17389,1.00,1.00
2018.01.05 16:15:26.044,1.17379,1.1739,1.00,1.25
2018.01.05 16:15:39.304,1.17379,1.17391,1.00,2.89
2018.01.05 16:15:39.945,1.17379,1.1739,1.00,1.00
2018.01.05 16:15:41.790,1.17381,1.17391,1.00,1.95
2018.01.05 16:15:41.894,1.17383,1.17394,1.50,4.20
2018.01.05 16:15:41.998,1.17383,1.17395,1.50,2.32
2018.01.05 16:15:42.933,1.17383,1.17394,1.50,1.00
2018.01.05 16:15:44.764,1.17382,1.17394,1.69,1.00
2018.01.05 16:15:46.289,1.17383,1.17394,1.00,1.00
2018.01.05 16:15:47.990,1.17383,1.17392,1.00,1.00
2018.01.05 16:15:48.793,1.17381,1.17392,1.87,1.00
2018.01.05 16:15:49.315,1.17381,1.17393,2.06,1.00
2018.01.05 16:15:49.912,1.17381,1.17393,1.50,1.00
2018.01.05 16:15:50.422,1.17382,1.17394,1.00,2.33
2018.01.05 16:15:53.057,1.17383,1.17394,1.00,1.00
2018.01.05 16:15:56.460,1.17385,1.17396,1.12,1.10
2018.01.05 16:15:56.566,1.17386,1.17398,1.31,1.05
2018.01.05 16:15:56.899,1.17384,1.17397,1.69,2.25
2018.01.05 16:15:58.753,1.17387,1.17399,1.25,4.95
2018.01.05 16:15:59.379,1.17386,1.17399,1.12,4.01
2018.01.05 16:15:59.915,1.17385,1.17399,3.19,3.45
2018.01.05 16:16:00.506,1.17386,1.17399,1.12,3.83
2018.01.05 16:16:01.032,1.17387,1.17399,1.00,3.08
2018.01.05 16:16:02.086,1.17387,1.17399,1.00,2.89
2018.01.05 16:16:04.039,1.17388,1.17399,1.00,1.00
2018.01.05 16:16:04.537,1.17387,1.17399,1.00,2.44
2018.01.05 16:16:04.854,1.17384,1.17395,1.00,1.19
2018.01.05 16:16:04.958,1.17384,1.17396,1.25,1.31
2018.01.05 16:16:05.374,1.17386,1.17396,1.00,1.00
2018.01.05 16:16:06.195,1.17386,1.17397,1.00,1.10
2018.01.05 16:16:07.628,1.17386,1.17398,1.00,1.39
2018.01.05 16:16:07.945,1.17388,1.17399,1.00,3.26
2018.01.05 16:16:08.390,1.1739,1.17402,1.69,1.95
2018.01.05 16:16:08.442,1.17391,1.17402,1.25,1.25
2018.01.05 16:16:08.980,1.17391,1.17403,1.00,1.00
2018.01.05 16:16:09.862,1.17392,1.17405,1.25,1.95
2018.01.05 16:16:10.363,1.17393,1.17406,1.00,2.63
2018.01.05 16:16:10.883,1.17393,1.17406,1.00,2.44
2018.01.05 16:16:12.655,1.17393,1.17406,1.01,1.00
2018.01.05 16:16:13.174,1.17394,1.17407,1.00,2.63
2018.01.05 16:16:16.196,1.17395,1.17408,1.00,2.81
2018.01.05 16:16:18.126,1.17395,1.17409,1.58,3.94
2018.01.05 16:16:18.299,1.17397,1.17408,1.00,1.50
2018.01.05 16:16:19.504,1.17396,1.17409,1.10,2.00
2018.01.05 16:16:20.028,1.17396,1.17409,1.25,4.01
2018.01.05 16:16:22.262,1.17397,1.17408,1.00,1.00
2018.01.05 16:16:22.584,1.17393,1.17405,1.69,1.38
2018.01.05 16:16:23.102,1.17394,1.17408,1.88,7.01
2018.01.05 16:16:23.260,1.17396,1.17408,1.25,1.58
2018.01.05 16:16:23.428,1.17398,1.17412,3.56,2.33
2018.01.05 16:16:23.743,1.17397,1.1741,2.25,1.44
2018.01.05 16:16:24.105,1.17396,1.17409,1.12,2.33
2018.01.05 16:16:24.262,1.17393,1.17407,1.31,3.45
2018.01.05 16:16:25.601,1.17391,1.17404,2.81,1.00
2018.01.05 16:16:25.656,1.1739,1.17403,1.39,2.81
2018.01.05 16:16:25.969,1.17388,1.17401,1.58,2.81
2018.01.05 16:16:26.175,1.17386,1.17399,1.39,1.69
2018.01.05 16:16:26.692,1.17386,1.17398,1.76,1.00
2018.01.05 16:16:27.231,1.17385,1.17399,5.51,1.88
2018.01.05 16:16:27.882,1.17386,1.17399,1.50,2.06
2018.01.05 16:16:29.190,1.17386,1.17399,2.89,1.13
2018.01.05 16:16:29.714,1.17387,1.17399,1.57,1.25
2018.01.05 16:16:30.238,1.17387,1.17399,1.57,1.25
2018.01.05 16:16:30.823,1.17388,1.174,1.39,2.44
2018.01.05 16:16:32.184,1.17392,1.174,1.00,1.19
2018.01.05 16:16:32.503,1.17394,1.17403,1.00,3.19
2018.01.05 16:16:32.661,1.17396,1.17404,1.00,1.00
2018.01.05 16:16:32.780,1.17396,1.17406,1.00,1.31
2018.01.05 16:16:33.303,1.17397,1.17406,1.00,1.25
2018.01.05 16:16:33.856,1.17397,1.17408,1.00,5.25
2018.01.05 16:16:36.872,1.17399,1.17407,1.00,1.25
2018.01.05 16:16:38.688,1.17397,1.17406,1.00,1.19
2018.01.05 16:16:39.908,1.17396,1.17406,1.00,1.19
2018.01.05 16:16:41.980,1.17394,1.17403,1.00,1.19
2018.01.05 16:16:42.562,1.17394,1.17404,1.00,2.06
2018.01.05 16:16:46.308,1.17394,1.17405,1.00,3.38
2018.01.05 16:16:46.860,1.17395,1.17404,1.00,2.06
2018.01.05 16:16:48.881,1.17395,1.17406,1.00,2.63
2018.01.05 16:16:49.349,1.17395,1.17405,1.00,2.63
2018.01.05 16:16:49.877,1.17395,1.17405,1.00,3.23
2018.01.05 16:16:50.664,1.17395,1.17404,1.00,1.00
2018.01.05 16:16:51.660,1.17395,1.17404,1.00,1.63
2018.01.05 16:16:52.649,1.17395,1.17404,1.00,1.31
2018.01.05 16:16:52.962,1.17397,1.17405,1.00,1.91
2018.01.05 16:16:55.330,1.17398,1.17405,1.00,3.04
2018.01.05 16:16:56.597,1.17397,1.17404,1.00,1.31
2018.01.05 16:17:02.080,1.17398,1.17405,1.00,2.66
2018.01.05 16:17:13.227,1.17398,1.17406,1.00,1.69
2018.01.05 16:17:13.334,1.17402,1.17412,2.25,1.63
2018.01.05 16:17:13.387,1.17406,1.17416,1.00,2.44
2018.01.05 16:17:13.648,1.17403,1.17416,2.51,3.00
2018.01.05 16:17:14.163,1.17403,1.17414,1.57,1.88
2018.01.05 16:17:14.365,1.17401,1.17414,2.70,3.00
2018.01.05 16:17:15.428,1.17401,1.17411,1.20,1.00
2018.01.05 16:17:15.695,1.17404,1.17416,1.20,2.63
2018.01.05 16:17:18.352,1.17404,1.17416,1.07,1.31
2018.01.05 16:17:20.262,1.17404,1.17416,1.20,1.50
2018.01.05 16:17:20.481,1.17403,1.17414,1.76,1.25
2018.01.05 16:17:21.064,1.17403,1.17415,1.76,1.31
2018.01.05 16:17:21.944,1.17403,1.17415,1.57,1.50
2018.01.05 16:17:22.529,1.17403,1.17415,1.57,1.50
2018.01.05 16:17:23.986,1.17403,1.17416,3.26,3.00
2018.01.05 16:17:26.013,1.17404,1.17416,1.07,1.50
2018.01.05 16:17:26.325,1.17407,1.1742,1.76,2.85
2018.01.05 16:17:27.005,1.17407,1.17419,1.57,1.63
2018.01.05 16:17:28.526,1.17407,1.17419,1.20,1.63
2018.01.05 16:17:30.238,1.17406,1.17419,4.95,1.19
2018.01.05 16:17:31.279,1.17407,1.1742,1.39,2.85
2018.01.05 16:17:31.804,1.17408,1.1742,1.20,2.85
2018.01.05 16:17:32.318,1.17409,1.17422,1.76,2.06
2018.01.05 16:17:32.371,1.17411,1.17424,1.50,2.06
2018.01.05 16:17:32.682,1.17412,1.17424,1.07,1.50
2018.01.05 16:17:33.314,1.17412,1.17424,1.07,1.50
2018.01.05 16:17:34.919,1.17412,1.17424,1.07,1.44
2018.01.05 16:17:34.972,1.17413,1.17426,3.45,2.63
2018.01.05 16:17:35.518,1.17414,1.17425,1.07,1.00
2018.01.05 16:17:36.057,1.17413,1.17427,4.01,3.75
2018.01.05 16:17:37.463,1.17414,1.17427,2.14,2.63
2018.01.05 16:17:37.965,1.17413,1.17427,3.08,3.75
2018.01.05 16:17:40.029,1.17413,1.17425,2.06,1.10
2018.01.05 16:17:42.762,1.17415,1.17427,1.00,1.45
2018.01.05 16:17:42.867,1.17416,1.17428,1.00,1.10
2018.01.05 16:17:43.410,1.17416,1.17429,1.12,2.14
2018.01.05 16:17:45.261,1.17417,1.17429,1.00,1.39
2018.01.05 16:17:45.784,1.17417,1.17429,1.00,1.45
2018.01.05 16:17:46.298,1.17417,1.17429,1.00,1.20
2018.01.05 16:17:46.871,1.17417,1.17429,1.00,1.39
2018.01.05 16:17:48.233,1.17417,1.17429,1.50,1.29
2018.01.05 16:17:48.287,1.17417,1.1743,5.62,1.35
2018.01.05 16:17:48.340,1.17421,1.17431,1.00,1.10
2018.01.05 16:17:48.550,1.17421,1.17433,1.00,1.20
2018.01.05 16:17:50.120,1.1742,1.17433,1.88,1.10
2018.01.05 16:17:50.747,1.1742,1.17434,3.00,3.08
2018.01.05 16:17:51.477,1.1742,1.17433,3.38,1.20
2018.01.05 16:17:52.239,1.1742,1.17433,3.00,1.20
2018.01.05 16:17:52.692,1.1742,1.17433,1.31,2.70
2018.01.05 16:17:53.221,1.17419,1.17432,2.62,1.48
2018.01.05 16:17:53.768,1.17419,1.17432,1.50,1.95
2018.01.05 16:17:54.330,1.17418,1.17431,1.39,3.00
2018.01.05 16:17:54.642,1.17418,1.17431,1.12,3.45
2018.01.05 16:17:55.183,1.17418,1.17431,1.69,3.45
2018.01.05 16:17:56.123,1.17417,1.17429,1.12,1.44
2018.01.05 16:17:56.827,1.17418,1.17429,1.00,1.39
2018.01.05 16:17:57.375,1.17418,1.1743,1.00,2.89
2018.01.05 16:17:57.617,1.17421,1.17433,1.00,1.39
2018.01.05 16:17:58.120,1.1742,1.17433,2.81,1.58
2018.01.05 16:17:59.487,1.17421,1.17434,1.00,1.76
2018.01.05 16:18:00.088,1.17421,1.17434,2.25,1.95
2018.01.05 16:18:00.605,1.17421,1.17434,1.69,1.45
2018.01.05 16:18:01.122,1.17421,1.17433,1.69,1.39
2018.01.05 16:18:01.858,1.17421,1.17433,2.81,1.19
2018.01.05 16:18:04.752,1.17421,1.17433,1.50,1.19
2018.01.05 16:18:06.279,1.17421,1.17434,1.50,1.76
2018.01.05 16:18:06.808,1.17422,1.17435,2.44,2.70
2018.01.05 16:18:08.474,1.17422,1.17434,1.00,1.48
2018.01.05 16:18:09.003,1.17421,1.17434,1.25,1.95
2018.01.05 16:18:09.540,1.17422,1.17434,1.00,1.45
2018.01.05 16:18:10.451,1.17422,1.17434,1.00,1.20
2018.01.05 16:18:10.986,1.17422,1.17434,1.00,1.45
2018.01.05 16:18:12.477,1.17422,1.17434,1.00,1.45
2018.01.05 16:18:13.024,1.17422,1.17434,1.00,1.45
2018.01.05 16:18:13.545,1.17421,1.17433,1.00,1.10
2018.01.05 16:18:15.035,1.17423,1.17433,1.00,1.01
2018.01.05 16:18:17.724,1.17423,1.17434,1.00,1.76
2018.01.05 16:18:18.272,1.17426,1.17435,1.00,1.95
2018.01.05 16:18:20.248,1.17422,1.17432,1.00,2.33
2018.01.05 16:18:20.300,1.17421,1.17428,1.00,1.50
2018.01.05 16:18:20.353,1.17416,1.17426,1.00,2.06
2018.01.05 16:18:20.406,1.17415,1.17423,1.00,1.31
2018.01.05 16:18:20.459,1.17413,1.17423,1.00,3.26
2018.01.05 16:18:20.512,1.17411,1.17421,1.00,1.33
2018.01.05 16:18:20.727,1.17408,1.1742,3.56,1.10
2018.01.05 16:18:20.779,1.17407,1.1742,1.25,1.76
2018.01.05 16:18:21.142,1.17408,1.1742,2.81,1.10
2018.01.05 16:18:26.836,1.17408,1.1742,1.00,1.20
2018.01.05 16:18:27.340,1.17408,1.17421,1.87,3.64
2018.01.05 16:18:30.817,1.17407,1.1742,3.19,1.07
2018.01.05 16:18:31.468,1.17407,1.1742,3.00,1.10
2018.01.05 16:18:35.047,1.17407,1.1742,2.44,1.20
2018.01.05 16:18:35.615,1.17409,1.1742,1.00,1.20
2018.01.05 16:18:35.928,1.17415,1.17425,1.00,1.12
2018.01.05 16:18:36.266,1.17417,1.17428,1.10,3.38
2018.01.05 16:18:37.873,1.17417,1.17427,1.00,3.98
2018.01.05 16:18:38.397,1.17417,1.17428,1.00,2.10
2018.01.05 16:18:38.812,1.17419,1.17432,4.16,1.07
2018.01.05 16:18:38.865,1.17421,1.17434,3.56,1.72
2018.01.05 16:18:39.186,1.17423,1.17435,1.00,1.33
2018.01.05 16:18:39.689,1.17422,1.17435,1.12,1.58
2018.01.05 16:18:40.255,1.17418,1.17426,1.00,2.81
2018.01.05 16:18:40.362,1.17413,1.17426,1.00,4.05
2018.01.05 16:18:40.903,1.17417,1.17428,1.25,1.45
2018.01.05 16:18:41.223,1.17419,1.1743,1.00,2.51
2018.01.05 16:18:42.446,1.17419,1.1743,1.00,1.20
2018.01.05 16:18:43.012,1.17418,1.1743,1.00,2.55
2018.01.05 16:18:43.320,1.17412,1.17423,1.00,1.57
2018.01.05 16:18:43.911,1.17414,1.17424,1.00,1.57
2018.01.05 16:18:44.427,1.17414,1.17424,1.00,1.57
2018.01.05 16:18:44.929,1.17414,1.17424,1.00,1.57
2018.01.05 16:18:46.240,1.17415,1.17423,1.00,1.10
2018.01.05 16:18:46.795,1.17412,1.17418,1.25,1.25
2018.01.05 16:18:46.958,1.17408,1.17417,1.00,1.76
2018.01.05 16:18:47.232,1.17406,1.17415,1.00,1.12
2018.01.05 16:18:47.387,1.17404,1.17415,1.00,1.57
2018.01.05 16:18:47.849,1.17403,1.17413,1.25,1.00
2018.01.05 16:18:47.912,1.17401,1.17412,1.00,1.10
2018.01.05 16:18:48.419,1.17399,1.17412,1.87,2.32
2018.01.05 16:18:49.192,1.17399,1.17412,1.69,2.32
2018.01.05 16:18:49.736,1.17398,1.17412,3.56,1.95
2018.01.05 16:18:50.237,1.174,1.17412,1.00,1.76
2018.01.05 16:18:50.395,1.17401,1.17414,2.63,1.76
2018.01.05 16:18:51.012,1.17401,1.17414,2.62,1.95
2018.01.05 16:18:51.638,1.17401,1.17414,3.37,1.95
2018.01.05 16:18:52.291,1.17401,1.17414,3.37,1.95
2018.01.05 16:18:52.447,1.174,1.17413,1.00,3.45
2018.01.05 16:18:56.250,1.17399,1.17412,3.00,1.20
2018.01.05 16:18:56.509,1.17401,1.17413,1.25,1.20
2018.01.05 16:18:57.333,1.17402,1.17413,1.00,1.00
2018.01.05 16:18:57.901,1.17402,1.17415,1.12,3.83
2018.01.05 16:18:58.459,1.17403,1.17414,1.00,1.01
2018.01.05 16:18:58.777,1.17394,1.17404,1.00,3.56
2018.01.05 16:18:58.831,1.17391,1.17403,1.00,3.08
2018.01.05 16:18:59.018,1.1739,1.17401,1.00,1.01
2018.01.05 16:18:59.077,1.17387,1.174,1.69,1.12
2018.01.05 16:18:59.284,1.17386,1.17399,1.00,1.01
2018.01.05 16:18:59.804,1.17386,1.17399,1.87,1.01
2018.01.05 16:19:00.347,1.17386,1.17399,1.87,1.01
2018.01.05 16:19:01.019,1.17386,1.17399,1.87,1.01
2018.01.05 16:19:01.582,1.17386,1.17399,1.87,1.01
2018.01.05 16:19:02.226,1.17387,1.174,3.56,1.57
2018.01.05 16:19:02.939,1.17388,1.17401,1.00,2.70
2018.01.05 16:19:03.477,1.17388,1.174,1.12,1.10
2018.01.05 16:19:04.576,1.17389,1.17401,1.00,1.57
2018.01.05 16:19:05.385,1.17386,1.17398,1.87,1.25
2018.01.05 16:19:05.595,1.17382,1.17395,1.00,1.57
2018.01.05 16:19:06.364,1.17381,1.17392,1.88,1.87
2018.01.05 16:19:06.416,1.17379,1.17392,1.50,2.70
2018.01.05 16:19:08.859,1.17379,1.17391,1.12,1.37
2018.01.05 16:19:09.267,1.17379,1.17392,1.57,2.06
2018.01.05 16:19:10.524,1.17379,1.17392,1.57,2.06
2018.01.05 16:19:11.054,1.17379,1.17393,3.64,2.44
2018.01.05 16:19:11.602,1.17379,1.17392,1.76,2.44
2018.01.05 16:19:13.034,1.17379,1.17392,1.58,3.38
2018.01.05 16:19:13.245,1.17378,1.17391,1.33,2.62
2018.01.05 16:19:13.776,1.17377,1.1739,1.39,1.31
2018.01.05 16:19:13.983,1.17379,1.1739,1.07,1.12
2018.01.05 16:19:14.544,1.1738,1.17391,1.95,1.00
2018.01.05 16:19:15.058,1.17381,1.17393,1.07,1.50
2018.01.05 16:19:15.991,1.17382,1.17394,4.20,1.12
2018.01.05 16:19:16.250,1.17389,1.17401,1.10,1.31
2018.01.05 16:19:16.303,1.17389,1.17402,1.45,2.63
2018.01.05 16:19:17.213,1.17389,1.17401,1.45,1.50
2018.01.05 16:19:17.526,1.17388,1.17401,1.20,2.25
2018.01.05 16:19:18.044,1.17388,1.17401,1.45,2.25
2018.01.05 16:19:18.570,1.17389,1.17402,2.14,1.81
2018.01.05 16:19:18.729,1.17389,1.17399,1.45,1.50
2018.01.05 16:19:18.945,1.17386,1.17398,1.95,1.37
2018.01.05 16:19:19.314,1.17386,1.174,2.70,2.06
2018.01.05 16:19:20.197,1.17388,1.174,1.01,1.63
2018.01.05 16:19:20.305,1.1739,1.174,1.00,1.63
2018.01.05 16:19:20.716,1.17388,1.17401,1.69,1.39
2018.01.05 16:19:21.196,1.1739,1.17401,1.00,1.63
2018.01.05 16:19:21.772,1.17393,1.17402,1.00,2.51
2018.01.05 16:19:22.511,1.17393,1.17403,1.00,3.08
2018.01.05 16:19:23.428,1.17395,1.17403,1.00,1.69
2018.01.05 16:19:23.973,1.17393,1.17402,1.00,1.12
2018.01.05 16:19:24.182,1.17391,1.17401,1.00,1.12
2018.01.05 16:19:24.713,1.17392,1.17403,1.00,2.51
2018.01.05 16:19:30.812,1.17394,1.17403,1.00,1.47
2018.01.05 16:19:30.917,1.17394,1.17404,1.00,1.00
2018.01.05 16:19:31.241,1.174,1.17405,1.00,1.50
2018.01.05 16:19:31.295,1.174,1.17411,1.00,2.32
2018.01.05 16:19:33.157,1.17402,1.17411,1.00,3.26
2018.01.05 16:19:34.264,1.17404,1.17411,1.00,1.37
2018.01.05 16:19:34.876,1.17404,1.17412,1.00,1.62
2018.01.05 16:19:37.312,1.17403,1.17414,1.00,3.64
2018.01.05 16:19:38.509,1.17402,1.17412,1.50,1.37
2018.01.05 16:19:38.679,1.17399,1.17411,1.12,1.95
2018.01.05 16:19:39.226,1.174,1.1741,1.00,1.10
2018.01.05 16:19:40.818,1.17401,1.1741,1.00,1.10
2018.01.05 16:19:41.104,1.17403,1.17413,1.00,3.07
2018.01.05 16:19:41.810,1.17405,1.17413,1.00,2.32
2018.01.05 16:19:42.320,1.17403,1.17413,1.00,1.47
2018.01.05 16:19:43.623,1.17405,1.17413,1.00,1.37
2018.01.05 16:19:44.614,1.17405,1.17414,1.00,1.95
2018.01.05 16:19:44.768,1.17403,1.17414,1.00,2.70
2018.01.05 16:19:50.726,1.17405,1.17414,1.00,1.10
2018.01.05 16:19:50.833,1.17405,1.17416,1.00,1.10
2018.01.05 16:19:51.436,1.17405,1.17415,1.00,1.57
2018.01.05 16:19:51.938,1.17405,1.17414,1.00,1.95
2018.01.05 16:19:55.118,1.17405,1.17414,1.00,1.50
2018.01.05 16:19:56.645,1.17405,1.17414,1.00,1.00
2018.01.05 16:19:59.030,1.17404,1.17414,1.00,2.44
2018.01.05 16:19:59.565,1.17404,1.17414,1.00,3.19
2018.01.05 16:20:00.328,1.174,1.17412,1.57,1.00
2018.01.05 16:20:00.967,1.17401,1.17413,1.20,1.00
2018.01.05 16:20:01.019,1.17404,1.17413,1.00,1.00
2018.01.05 16:20:01.847,1.17404,1.17414,1.00,2.25
2018.01.05 16:20:02.836,1.17403,1.17414,1.10,1.00
2018.01.05 16:20:03.176,1.17405,1.17414,1.00,1.00
2018.01.05 16:20:04.588,1.17404,1.17414,1.00,1.12
2018.01.05 16:20:05.150,1.17405,1.17414,1.00,1.50
2018.01.05 16:20:06.089,1.17405,1.17413,1.00,1.00
2018.01.05 16:20:06.637,1.17405,1.17414,1.00,2.44
2018.01.05 16:20:06.946,1.17405,1.17413,1.00,2.06
2018.01.05 16:20:06.999,1.17403,1.17413,1.00,4.16
2018.01.05 16:20:07.527,1.17403,1.17411,1.00,1.12
2018.01.05 16:20:08.684,1.17405,1.17413,1.00,2.25
2018.01.05 16:20:08.737,1.17403,1.17413,1.00,2.62
2018.01.05 16:20:15.261,1.17401,1.17411,1.10,1.50
2018.01.05 16:20:15.789,1.174,1.17412,1.00,2.06
2018.01.05 16:20:16.331,1.174,1.17413,1.00,3.00
2018.01.05 16:20:16.784,1.17402,1.17413,1.00,1.50
2018.01.05 16:20:17.169,1.174,1.17412,1.57,3.60
2018.01.05 16:20:17.690,1.17399,1.1741,1.57,1.00
2018.01.05 16:20:19.597,1.17402,1.17411,1.00,2.06
2018.01.05 16:20:20.148,1.17402,1.17412,1.00,1.50
2018.01.05 16:20:20.690,1.17401,1.17412,1.00,1.62
2018.01.05 16:20:21.815,1.17401,1.17412,1.00,1.25
2018.01.05 16:20:27.403,1.17401,1.17411,1.00,1.12
2018.01.05 16:20:30.798,1.17401,1.1741,1.00,1.00
2018.01.05 16:20:31.399,1.17401,1.17411,1.00,1.31
2018.01.05 16:20:32.069,1.17401,1.1741,1.00,1.00
2018.01.05 16:20:32.661,1.17401,1.17411,1.00,1.31
2018.01.05 16:20:33.575,1.17401,1.17411,1.00,2.06
2018.01.05 16:20:34.013,1.17399,1.1741,1.10,3.94
2018.01.05 16:20:34.120,1.17397,1.17409,1.00,4.50
2018.01.05 16:20:34.277,1.17399,1.17409,1.00,1.00
2018.01.05 16:20:38.484,1.17399,1.17409,1.00,2.06
2018.01.05 16:20:38.536,1.17397,1.17408,1.10,1.50
2018.01.05 16:20:39.941,1.17397,1.17408,1.00,1.12
2018.01.05 16:20:43.165,1.17397,1.1741,1.50,2.06
2018.01.05 16:20:50.978,1.17397,1.17407,1.00,1.69
2018.01.05 16:20:51.083,1.17395,1.17405,1.00,1.00
2018.01.05 16:20:51.638,1.17395,1.17407,1.00,5.25
2018.01.05 16:20:55.065,1.17395,1.17405,1.00,1.12
2018.01.05 16:20:55.498,1.17396,1.17408,1.10,1.00
2018.01.05 16:20:56.139,1.17396,1.17409,1.00,1.31
2018.01.05 16:20:56.192,1.17396,1.17408,1.00,1.37
2018.01.05 16:20:59.630,1.17396,1.17407,1.00,1.69
2018.01.05 16:20:59.785,1.17394,1.17407,1.57,1.50
2018.01.05 16:21:00.751,1.17393,1.17405,1.57,1.31
2018.01.05 16:21:00.862,1.1739,1.17404,1.57,3.56
2018.01.05 16:21:05.479,1.1739,1.17403,1.50,2.06
2018.01.05 16:21:05.582,1.17388,1.17402,1.95,1.69
2018.01.05 16:21:06.112,1.17388,1.17402,1.57,3.37
2018.01.05 16:21:10.645,1.17389,1.17402,1.00,2.51
2018.01.05 16:21:11.177,1.17388,1.17402,1.57,6.04
2018.01.05 16:21:15.624,1.1739,1.17402,1.00,6.04
2018.01.05 16:21:17.560,1.17391,1.17404,1.00,3.82
2018.01.05 16:21:17.772,1.17393,1.17404,1.00,1.00
2018.01.05 16:21:18.416,1.17394,1.17404,1.00,1.00
2018.01.05 16:21:19.113,1.17394,1.17405,1.00,1.69
2018.01.05 16:21:19.814,1.17394,1.17404,1.00,1.00
2018.01.05 16:21:20.335,1.17394,1.17405,1.00,1.69
2018.01.05 16:21:22.687,1.17394,1.17405,1.00,3.56
2018.01.05 16:21:23.275,1.17393,1.17405,1.50,2.81
2018.01.05 16:21:24.282,1.17395,1.17405,1.00,2.62
2018.01.05 16:21:24.829,1.17395,1.17405,1.00,1.00
2018.01.05 16:21:26.785,1.17393,1.17405,1.00,3.37
2018.01.05 16:21:30.339,1.17395,1.17405,1.00,3.00
2018.01.05 16:21:30.938,1.17395,1.17405,1.00,3.00
2018.01.05 16:21:31.702,1.17395,1.17405,1.00,2.81
2018.01.05 16:21:36.058,1.17393,1.17405,1.00,2.44
2018.01.05 16:21:38.125,1.17393,1.17404,1.00,1.62
2018.01.05 16:21:38.829,1.17393,1.17404,1.00,1.00
2018.01.05 16:21:44.049,1.17391,1.17404,1.12,2.25
2018.01.05 16:21:45.097,1.17391,1.17404,1.12,4.72
2018.01.05 16:21:48.856,1.17394,1.17404,1.00,2.25
2018.01.05 16:21:49.159,1.17396,1.17404,1.00,1.00
2018.01.05 16:21:49.314,1.17394,1.17405,1.00,1.87
2018.01.05 16:21:49.817,1.17394,1.17405,1.00,1.87
2018.01.05 16:21:53.203,1.17394,1.17405,1.00,3.04
2018.01.05 16:22:01.176,1.17394,1.17403,1.00,1.35
2018.01.05 16:22:03.146,1.17394,1.17405,1.00,1.50
2018.01.05 16:22:03.816,1.17394,1.17404,1.00,1.35
2018.01.05 16:22:06.841,1.17394,1.17403,1.00,1.35
2018.01.05 16:22:11.214,1.17394,1.17404,1.00,1.87
2018.01.05 16:22:11.735,1.17394,1.17405,1.00,1.50
2018.01.05 16:22:12.268,1.17394,1.17404,1.00,1.31
2018.01.05 16:22:18.525,1.17394,1.17405,1.00,2.62
2018.01.05 16:22:18.578,1.17396,1.17405,1.00,1.50
2018.01.05 16:22:18.682,1.17396,1.17407,1.00,1.12
2018.01.05 16:22:19.255,1.17397,1.17408,1.00,1.69
2018.01.05 16:22:23.113,1.17397,1.17409,1.00,2.25
2018.01.05 16:22:47.470,1.17397,1.17409,1.00,2.25
2018.01.05 16:22:53.355,1.17396,1.17407,1.00,3.75
2018.01.05 16:22:53.906,1.17395,1.17407,1.00,1.62
2018.01.05 16:22:55.777,1.17396,1.17408,1.00,1.69
2018.01.05 16:22:56.487,1.17397,1.17408,1.00,1.00
2018.01.05 16:22:59.886,1.17398,1.1741,1.00,1.37
2018.01.05 16:23:00.437,1.17399,1.1741,1.50,1.37
2018.01.05 16:23:02.274,1.17399,1.17411,1.00,1.00
2018.01.05 16:23:02.328,1.17403,1.17412,1.00,1.12
2018.01.05 16:23:02.867,1.17403,1.17413,1.00,1.25
2018.01.05 16:23:10.545,1.17403,1.17414,1.00,1.50
2018.01.05 16:23:14.355,1.17403,1.17414,1.00,1.87
2018.01.05 16:23:16.200,1.17404,1.17415,1.00,1.69
2018.01.05 16:23:17.277,1.17407,1.17415,1.00,1.62
2018.01.05 16:23:18.467,1.17405,1.17416,1.00,4.50
2018.01.05 16:23:18.876,1.17402,1.17411,1.10,2.62
2018.01.05 16:23:18.930,1.17398,1.17409,1.10,1.50
2018.01.05 16:23:19.468,1.17397,1.17409,1.00,1.50
2018.01.05 16:23:20.384,1.17397,1.17409,1.00,1.12
2018.01.05 16:23:21.844,1.17397,1.17409,1.00,2.44
2018.01.05 16:23:35.273,1.17397,1.17409,1.00,1.87
2018.01.05 16:23:35.779,1.17397,1.17409,1.50,1.87
2018.01.05 16:23:36.635,1.17397,1.17408,1.00,2.62
2018.01.05 16:23:37.794,1.17395,1.17408,1.50,2.70
2018.01.05 16:23:42.267,1.17395,1.17407,1.50,2.55
2018.01.05 16:23:42.320,1.17392,1.17402,1.10,3.19
2018.01.05 16:23:42.372,1.17392,1.17403,1.50,1.00
2018.01.05 16:23:42.425,1.17388,1.174,1.95,1.00
2018.01.05 16:23:42.479,1.17391,1.17403,1.00,1.00
2018.01.05 16:23:43.030,1.17392,1.17404,1.50,1.62
2018.01.05 16:23:46.551,1.17393,1.17404,1.00,1.62
2018.01.05 16:23:47.923,1.17392,1.17403,1.50,1.50
2018.01.05 16:24:00.578,1.17394,1.17404,1.00,2.25
2018.01.05 16:24:03.580,1.17394,1.17405,1.00,3.37
2018.01.05 16:24:16.966,1.17394,1.17404,1.00,2.25
2018.01.05 16:24:17.238,1.17392,1.17404,1.50,3.00
2018.01.05 16:24:18.286,1.1739,1.17398,1.00,1.25
2018.01.05 16:24:18.542,1.17384,1.17397,2.32,1.19
2018.01.05 16:24:19.052,1.17384,1.17397,1.00,3.07
2018.01.05 16:24:19.162,1.17382,1.17395,1.00,2.89
2018.01.05 16:24:19.686,1.17381,1.17394,1.00,2.14
2018.01.05 16:24:20.539,1.17382,1.17393,1.00,1.00
2018.01.05 16:24:21.096,1.17381,1.17393,1.00,1.12
2018.01.05 16:24:21.817,1.17382,1.17393,1.00,1.12
2018.01.05 16:24:23.842,1.17381,1.17393,1.00,1.12
2018.01.05 16:24:24.362,1.17382,1.17393,1.00,1.12
2018.01.05 16:24:25.127,1.17381,1.17393,1.00,2.25
2018.01.05 16:24:25.760,1.17382,1.17393,1.00,2.44
2018.01.05 16:24:26.586,1.17382,1.17393,1.00,2.06
2018.01.05 16:24:28.276,1.17381,1.17393,1.00,2.06
2018.01.05 16:24:29.273,1.17381,1.17393,1.00,1.50
2018.01.05 16:24:34.996,1.17378,1.1739,1.76,1.50
2018.01.05 16:24:35.103,1.17376,1.1739,1.57,2.44
2018.01.05 16:24:35.465,1.17379,1.17392,1.00,5.89
2018.01.05 16:24:35.987,1.17379,1.17391,1.00,1.62
2018.01.05 16:24:38.044,1.17378,1.17391,1.00,1.95
2018.01.05 16:24:38.563,1.17377,1.1739,1.00,1.50
2018.01.05 16:24:39.803,1.17377,1.1739,1.00,1.87
2018.01.05 16:24:40.117,1.17371,1.17384,1.00,2.32
2018.01.05 16:24:40.433,1.17369,1.17383,1.87,2.51
2018.01.05 16:24:40.771,1.17371,1.17384,1.00,2.25
2018.01.05 16:24:41.081,1.17373,1.17385,1.00,2.14
2018.01.05 16:24:46.933,1.17374,1.17386,1.00,3.94
2018.01.05 16:24:47.505,1.17373,1.17386,1.00,4.01
2018.01.05 16:24:48.023,1.17374,1.17386,1.00,1.87
2018.01.05 16:24:49.441,1.17374,1.17386,1.12,3.45
2018.01.05 16:24:51.624,1.17373,1.17386,1.50,4.44
2018.01.05 16:24:52.632,1.17373,1.17384,1.00,1.50
2018.01.05 16:24:52.738,1.17369,1.17381,1.00,1.00
2018.01.05 16:24:54.271,1.17368,1.17381,1.00,1.12
2018.01.05 16:25:04.324,1.17367,1.17381,3.26,1.93
2018.01.05 16:25:05.145,1.17367,1.17381,2.89,2.30
2018.01.05 16:25:05.768,1.17368,1.17381,1.00,4.18
2018.01.05 16:25:06.527,1.17369,1.17381,1.25,2.62
2018.01.05 16:25:06.972,1.17369,1.17379,1.31,1.00
2018.01.05 16:25:07.622,1.17368,1.17379,3.11,1.50
2018.01.05 16:25:08.181,1.17368,1.17381,1.76,1.12
2018.01.05 16:25:11.834,1.17368,1.17381,1.69,1.12
2018.01.05 16:25:13.098,1.17368,1.17381,1.69,1.20
2018.01.05 16:25:18.155,1.17367,1.1738,1.12,1.20
2018.01.05 16:25:19.605,1.17367,1.1738,1.31,3.26
2018.01.05 16:25:19.940,1.17368,1.1738,1.50,2.25
2018.01.05 16:25:23.592,1.17368,1.17381,2.32,1.87
2018.01.05 16:25:26.083,1.17368,1.17381,1.12,3.19
2018.01.05 16:25:26.618,1.17367,1.1738,3.19,1.00
2018.01.05 16:25:28.116,1.17367,1.17379,3.19,1.00
2018.01.05 16:25:28.441,1.17367,1.17379,1.87,1.50
2018.01.05 16:25:31.304,1.17366,1.17379,1.69,2.25
2018.01.05 16:25:32.124,1.17367,1.17379,1.00,2.25
2018.01.05 16:25:33.010,1.17365,1.17375,1.47,1.00
2018.01.05 16:25:33.169,1.17357,1.17367,1.00,1.00
2018.01.05 16:25:33.273,1.17355,1.17367,2.17,1.12
2018.01.05 16:25:36.201,1.17355,1.17367,1.87,2.25
2018.01.05 16:25:36.953,1.17355,1.17367,3.37,1.87
2018.01.05 16:25:39.218,1.17355,1.17367,3.37,3.00
2018.01.05 16:25:43.024,1.17355,1.17367,2.06,1.50
2018.01.05 16:25:43.519,1.17355,1.17367,3.37,1.87
2018.01.05 16:25:45.601,1.17356,1.17368,1.12,1.00
2018.01.05 16:25:46.176,1.17356,1.17367,1.12,1.00
2018.01.05 16:25:46.807,1.17356,1.17368,1.12,2.25
2018.01.05 16:25:47.899,1.17357,1.17369,1.39,2.25
2018.01.05 16:25:49.730,1.17357,1.17369,1.31,1.00
2018.01.05 16:25:53.585,1.17358,1.1737,1.00,3.00
2018.01.05 16:25:53.897,1.17361,1.17371,1.00,1.00
2018.01.05 16:25:54.373,1.17357,1.17369,2.70,1.50
2018.01.05 16:25:54.427,1.17357,1.17369,1.12,1.69
2018.01.05 16:26:13.048,1.17357,1.17369,2.25,1.50
2018.01.05 16:26:16.040,1.17357,1.17367,1.12,1.00
2018.01.05 16:26:18.198,1.17356,1.17367,1.00,1.00
2018.01.05 16:26:18.713,1.17356,1.17366,1.50,1.00
2018.01.05 16:26:19.364,1.17355,1.17364,3.37,1.00
2018.01.05 16:26:19.570,1.17355,1.17366,3.56,1.00
2018.01.05 16:26:23.448,1.17356,1.17368,2.25,2.25
2018.01.05 16:26:23.966,1.17356,1.17368,1.00,1.50
2018.01.05 16:26:24.569,1.17355,1.17366,2.44,1.00
2018.01.05 16:26:25.141,1.17356,1.17366,1.00,1.00
2018.01.05 16:26:26.171,1.17356,1.17368,1.00,1.20
2018.01.05 16:26:27.548,1.17357,1.17369,1.00,3.22
2018.01.05 16:26:29.634,1.17356,1.17369,1.00,2.85
2018.01.05 16:26:29.738,1.17356,1.17367,1.00,1.52
2018.01.05 16:26:30.315,1.17356,1.17367,1.00,1.72
2018.01.05 16:26:33.845,1.17356,1.17367,1.00,1.57
2018.01.05 16:26:34.165,1.17355,1.17367,1.50,4.20
2018.01.05 16:26:34.401,1.17355,1.17367,1.50,3.07
2018.01.05 16:26:37.126,1.17356,1.17367,1.00,1.57
2018.01.05 16:26:38.218,1.17356,1.17368,1.50,1.95
2018.01.05 16:26:48.931,1.17357,1.17368,1.50,1.45
2018.01.05 16:26:50.741,1.17357,1.17369,1.00,1.70
2018.01.05 16:26:51.472,1.17356,1.17367,1.50,1.10
2018.01.05 16:26:52.437,1.17356,1.17368,1.00,2.77
2018.01.05 16:26:53.004,1.17356,1.17368,1.00,2.02
2018.01.05 16:26:58.221,1.17356,1.17368,1.00,2.02
2018.01.05 16:27:00.527,1.17356,1.17368,1.12,2.40
2018.01.05 16:27:01.062,1.17356,1.17368,1.50,1.57
2018.01.05 16:27:08.680,1.17359,1.1737,1.50,1.95
2018.01.05 16:27:08.786,1.17358,1.17371,1.50,1.55
2018.01.05 16:27:09.290,1.17358,1.17371,1.87,2.21
2018.01.05 16:27:10.153,1.17358,1.17371,1.95,1.76
2018.01.05 16:27:11.051,1.17358,1.17371,1.87,1.76
2018.01.05 16:27:11.436,1.17356,1.17368,2.25,1.55
2018.01.05 16:27:12.156,1.17356,1.17366,1.12,1.17
2018.01.05 16:27:12.365,1.17356,1.17367,1.87,1.10
2018.01.05 16:27:12.979,1.17357,1.17369,1.12,1.01
2018.01.05 16:27:15.352,1.17357,1.17368,1.12,1.57
2018.01.05 16:27:16.116,1.17357,1.17368,1.12,1.57
2018.01.05 16:27:20.062,1.17356,1.17366,2.25,1.00
2018.01.05 16:27:20.566,1.17356,1.17367,1.12,1.20
2018.01.05 16:27:21.173,1.17355,1.17365,3.00,1.00
2018.01.05 16:27:22.152,1.17355,1.17364,2.25,1.00
2018.01.05 16:27:22.823,1.17355,1.17364,1.12,1.20
2018.01.05 16:27:31.486,1.17356,1.17368,1.00,2.51
2018.01.05 16:27:31.999,1.17356,1.17368,1.00,3.26
2018.01.05 16:27:36.604,1.17356,1.17368,2.44,2.51
2018.01.05 16:27:37.141,1.17357,1.17369,1.31,3.64
2018.01.05 16:27:39.663,1.17357,1.17369,1.31,2.17
2018.01.05 16:27:39.972,1.17359,1.17371,1.00,1.57
2018.01.05 16:27:43.187,1.1736,1.1737,1.00,1.20
2018.01.05 16:27:44.016,1.17359,1.17371,1.25,2.17
2018.01.05 16:27:47.153,1.17358,1.1737,1.69,1.99
2018.01.05 16:27:47.695,1.17358,1.1737,1.69,1.99
2018.01.05 16:27:48.342,1.17358,1.1737,1.88,1.99
2018.01.05 16:27:49.091,1.17358,1.1737,1.69,1.99
2018.01.05 16:27:51.214,1.17358,1.1737,1.88,1.99
2018.01.05 16:27:52.278,1.17358,1.1737,1.88,1.99
2018.01.05 16:27:52.770,1.17356,1.17368,1.12,2.32
2018.01.05 16:27:53.291,1.17355,1.17366,3.00,2.70
2018.01.05 16:27:53.808,1.17355,1.17366,2.06,1.45
2018.01.05 16:27:54.357,1.17355,1.17366,2.25,1.45
2018.01.05 16:27:54.946,1.17355,1.17366,2.06,1.45
2018.01.05 16:27:55.475,1.17355,1.17366,2.06,1.45
2018.01.05 16:27:56.168,1.17356,1.17368,1.25,5.36
2018.01.05 16:27:56.595,1.17357,1.17368,1.00,1.57
2018.01.05 16:27:56.856,1.17359,1.17368,1.00,1.10
2018.01.05 16:27:56.960,1.17357,1.17367,1.00,1.72
2018.01.05 16:27:57.209,1.17355,1.17366,2.25,1.45
2018.01.05 16:27:57.261,1.17355,1.17366,2.25,1.00
2018.01.05 16:28:00.343,1.17355,1.17366,2.25,2.06
2018.01.05 16:28:02.762,1.17355,1.17366,2.25,1.31
2018.01.05 16:28:03.787,1.17355,1.17366,1.12,6.56
2018.01.05 16:28:04.447,1.17355,1.17365,1.12,1.09
2018.01.05 16:28:04.991,1.17355,1.17365,1.87,1.27
2018.01.05 16:28:05.522,1.17356,1.17366,1.00,2.02
2018.01.05 16:28:06.012,1.17356,1.17368,1.31,1.69
2018.01.05 16:28:06.556,1.17357,1.17368,1.00,1.69
2018.01.05 16:28:07.624,1.17356,1.17368,1.12,1.12
2018.01.05 16:28:08.378,1.17357,1.17369,1.00,1.31
2018.01.05 16:28:13.130,1.17357,1.17368,1.00,3.37
2018.01.05 16:28:13.642,1.17356,1.17367,1.12,1.09
2018.01.05 16:28:14.783,1.17354,1.17367,1.95,1.28
2018.01.05 16:28:15.801,1.17354,1.17366,1.12,1.00
2018.01.05 16:28:16.400,1.17354,1.17366,1.31,1.45
2018.01.05 16:28:16.729,1.17355,1.17367,1.00,1.01
2018.01.05 16:28:18.941,1.17355,1.17367,1.00,1.01
2018.01.05 16:28:19.484,1.17355,1.17367,1.25,1.01
2018.01.05 16:28:20.162,1.17354,1.17366,1.69,1.10
2018.01.05 16:28:20.734,1.17354,1.17367,1.44,2.51
2018.01.05 16:28:28.557,1.17355,1.17366,1.25,1.80
2018.01.05 16:28:29.505,1.17355,1.17366,1.25,1.35
2018.01.05 16:28:33.029,1.17355,1.17367,1.25,1.69
2018.01.05 16:28:35.477,1.17355,1.17367,1.00,3.56
2018.01.05 16:28:36.817,1.17354,1.17366,1.50,1.20
2018.01.05 16:28:37.336,1.17355,1.17367,1.00,1.69
2018.01.05 16:28:42.906,1.17355,1.17366,1.00,1.44
2018.01.05 16:28:43.269,1.17354,1.17363,1.00,1.00
2018.01.05 16:28:43.792,1.17353,1.17363,1.50,1.85
2018.01.05 16:28:44.307,1.17354,1.17363,1.00,1.54
2018.01.05 16:28:46.167,1.17354,1.17362,1.00,1.35
2018.01.05 16:28:46.692,1.17354,1.17363,1.00,1.35
2018.01.05 16:28:47.336,1.17353,1.17363,2.06,1.35
2018.01.05 16:28:48.279,1.17353,1.17364,1.87,1.35
2018.01.05 16:28:48.817,1.17353,1.17363,1.87,1.54
2018.01.05 16:28:49.346,1.17354,1.17365,1.00,2.48
2018.01.05 16:28:50.752,1.17353,1.17364,1.00,1.35
2018.01.05 16:28:52.157,1.17354,1.17365,1.00,1.69
2018.01.05 16:28:52.620,1.17354,1.17363,1.00,1.35
2018.01.05 16:28:53.444,1.17353,1.17363,1.00,1.54
2018.01.05 16:28:53.971,1.17354,1.17364,1.00,3.04
2018.01.05 16:28:54.488,1.17353,1.17363,1.12,1.35
2018.01.05 16:28:55.087,1.17352,1.17362,1.87,1.00
2018.01.05 16:28:55.663,1.17352,1.17363,1.12,1.54
2018.01.05 16:28:56.205,1.17351,1.17362,1.00,1.35
2018.01.05 16:28:56.560,1.17348,1.1736,2.14,3.41
2018.01.05 16:28:58.706,1.17348,1.1736,1.87,5.51
2018.01.05 16:28:58.812,1.17349,1.1736,1.00,1.31
2018.01.05 16:28:58.917,1.17348,1.1736,1.12,5.51
2018.01.05 16:28:59.905,1.17348,1.17359,1.12,1.88
2018.01.05 16:29:00.870,1.17348,1.17359,1.12,1.31
2018.01.05 16:29:01.449,1.17348,1.17359,1.12,1.50
2018.01.05 16:29:01.907,1.17348,1.17359,1.12,1.31
2018.01.05 16:29:03.007,1.17348,1.17358,1.12,1.00
2018.01.05 16:29:03.522,1.17348,1.1736,1.69,2.25
2018.01.05 16:29:04.165,1.17349,1.1736,1.12,1.00
2018.01.05 16:29:11.531,1.17348,1.17359,1.31,1.00
2018.01.05 16:29:12.124,1.17348,1.1736,1.31,2.06
2018.01.05 16:29:15.378,1.17348,1.1736,1.69,1.25
2018.01.05 16:29:15.889,1.17348,1.1736,1.69,1.00
2018.01.05 16:29:16.511,1.17349,1.1736,1.12,1.00
2018.01.05 16:29:16.563,1.17349,1.17362,1.69,3.19
2018.01.05 16:29:17.524,1.17349,1.17362,1.69,3.64
2018.01.05 16:29:18.056,1.17349,1.17362,1.69,4.64
2018.01.05 16:29:20.067,1.17349,1.17361,1.12,2.24
2018.01.05 16:29:20.222,1.17348,1.1736,1.00,2.02
2018.01.05 16:29:20.275,1.17345,1.17358,1.95,2.02
2018.01.05 16:29:20.434,1.17345,1.17358,2.06,1.46
2018.01.05 16:29:20.965,1.17346,1.17358,1.00,1.12
2018.01.05 16:29:21.528,1.17346,1.17358,1.00,1.64
2018.01.05 16:29:22.064,1.17345,1.17358,2.25,2.39
2018.01.05 16:29:22.117,1.17345,1.17358,1.87,2.77
2018.01.05 16:29:28.427,1.17345,1.17356,1.00,1.64
2018.01.05 16:29:28.481,1.17343,1.17356,1.57,2.58
2018.01.05 16:29:29.008,1.17343,1.17356,1.88,2.40
2018.01.05 16:29:29.962,1.17343,1.17355,1.00,1.37
2018.01.05 16:29:30.797,1.17342,1.17354,1.00,1.27
2018.01.05 16:29:31.132,1.17339,1.17352,1.57,2.59
2018.01.05 16:29:31.613,1.17337,1.17349,1.39,1.46
2018.01.05 16:29:32.146,1.17338,1.17351,1.00,1.81
2018.01.05 16:29:33.182,1.17339,1.17351,1.00,1.37
2018.01.05 16:29:34.986,1.1734,1.17351,1.00,1.25
2018.01.05 16:29:35.901,1.17338,1.17351,1.00,1.37
2018.01.05 16:29:36.511,1.17339,1.17351,1.00,2.40
2018.01.05 16:29:37.049,1.17339,1.17351,1.00,1.65
2018.01.05 16:29:37.747,1.1734,1.17352,1.00,4.54
2018.01.05 16:29:38.355,1.1734,1.17352,1.00,3.60
2018.01.05 16:29:38.460,1.17338,1.17351,1.25,2.63
2018.01.05 16:29:39.708,1.17337,1.17351,1.31,4.35
2018.01.05 16:29:40.939,1.17338,1.17351,1.25,1.81
2018.01.05 16:29:41.547,1.1734,1.17352,1.00,3.75
2018.01.05 16:29:42.003,1.1734,1.17352,1.00,2.59
2018.01.05 16:29:42.533,1.17344,1.17353,1.00,1.00
2018.01.05 16:29:42.695,1.17345,1.17355,1.00,1.00
2018.01.05 16:29:42.800,1.17343,1.17356,1.50,4.39
2018.01.05 16:29:43.063,1.17341,1.17354,2.70,1.39
2018.01.05 16:29:43.399,1.17341,1.17353,1.00,1.09
2018.01.05 16:29:44.164,1.17341,1.17352,1.00,1.84
2018.01.05 16:29:45.242,1.17343,1.17353,1.00,1.69
2018.01.05 16:29:45.296,1.17344,1.17355,1.00,3.26
2018.01.05 16:29:45.815,1.17343,1.17355,1.00,1.88
2018.01.05 16:29:48.230,1.17343,1.17355,1.00,1.87
2018.01.05 16:29:48.759,1.17343,1.17355,1.00,2.25
2018.01.05 16:29:52.608,1.17344,1.17355,1.50,1.88
2018.01.05 16:29:52.825,1.17347,1.17359,1.00,1.58
2018.01.05 16:29:52.931,1.17349,1.1736,1.00,1.20
2018.01.05 16:29:53.036,1.1735,1.17362,1.00,1.69
2018.01.05 16:29:53.615,1.17351,1.17362,1.00,1.13
2018.01.05 16:29:54.484,1.17352,1.17363,1.00,1.38
2018.01.05 16:29:55.821,1.17351,1.17362,1.57,1.13
2018.01.05 16:29:56.028,1.17353,1.17362,1.00,1.25
2018.01.05 16:29:56.543,1.17353,1.17363,1.00,1.00
2018.01.05 16:29:57.058,1.17353,1.17363,1.00,1.44
2018.01.05 16:29:57.215,1.17353,1.17364,1.00,2.06
2018.01.05 16:29:57.655,1.17353,1.17363,1.00,1.44
2018.01.05 16:29:59.668,1.17352,1.17362,1.00,1.25
2018.01.05 16:30:00.418,1.17349,1.17361,1.31,1.89
2018.01.05 16:30:00.940,1.17349,1.1736,1.00,1.01
2018.01.05 16:30:01.481,1.17348,1.17359,1.12,1.76
2018.01.05 16:30:01.703,1.17346,1.17357,1.50,1.20
2018.01.05 16:30:01.762,1.17346,1.17355,1.00,1.20
