2017.09.10 23:00:20.423,1.13848,1.13861,1.69,1.00
2017.09.10 23:00:20.951,1.13848,1.1386,1.69,1.00
2017.09.10 23:00:21.369,1.13848,1.1386,2.06,1.00
2017.09.10 23:00:21.420,1.13848,1.1386,1.69,1.00
2017.09.10 23:00:22.087,1.13848,1.13857,1.50,1.00
2017.09.10 23:00:22.138,1.13848,1.1386,1.50,1.00
2017.09.10 23:00:26.314,1.13848,1.13858,1.00,1.00
2017.09.10 23:00:26.365,1.13848,1.1386,1.00,1.00
2017.09.10 23:00:38.439,1.13848,1.13859,1.50,1.00
2017.09.10 23:00:39.850,1.13848,1.13859,1.37,1.00
2017.09.10 23:00:39.901,1.13848,1.13859,1.00,1.00
2017.09.10 23:00:41.314,1.13848,1.13859,1.37,1.00
2017.09.10 23:00:41.365,1.13848,1.13859,1.00,1.00
2017.09.10 23:01:18.078,1.13848,1.13858,1.50,1.00
2017.09.10 23:01:18.593,1.13848,1.13857,1.00,1.00
2017.09.10 23:01:19.107,1.13848,1.13858,1.00,1.00
2017.09.10 23:01:21.582,1.13848,1.13859,1.00,1.00
2017.09.10 23:01:25.174,1.13848,1.13856,1.50,1.00
2017.09.10 23:01:25.529,1.13846,1.13856,1.87,1.37
2017.09.10 23:01:25.742,1.13848,1.13856,1.00,1.00
2017.09.10 23:01:26.565,1.13848,1.13856,1.00,1.37
2017.09.10 23:01:27.207,1.13848,1.13856,1.00,1.12
2017.09.10 23:01:28.291,1.13848,1.13856,1.00,1.37
2017.09.10 23:01:29.382,1.13848,1.13856,1.00,1.00
2017.09.10 23:01:30.028,1.13846,1.13856,1.87,1.37
2017.09.10 23:01:30.129,1.13848,1.13856,1.00,1.00
2017.09.10 23:01:30.772,1.13846,1.13856,1.87,1.37
2017.09.10 23:01:30.944,1.13848,1.13856,1.00,1.00
2017.09.10 23:01:31.315,1.13846,1.13856,1.87,1.37
2017.09.10 23:01:32.162,1.13848,1.13856,1.00,1.00
2017.09.10 23:01:34.162,1.13846,1.13856,1.87,1.37
2017.09.10 23:01:34.481,1.13848,1.13856,1.00,1.00
2017.09.10 23:01:36.455,1.13844,1.13856,1.50,1.37
2017.09.10 23:01:36.654,1.13848,1.13856,1.00,1.12
2017.09.10 23:01:37.525,1.13848,1.13858,1.00,1.00
2017.09.10 23:01:38.572,1.13848,1.13858,1.00,1.37
2017.09.10 23:01:39.421,1.13848,1.13858,1.00,1.00
2017.09.10 23:01:39.978,1.13848,1.13858,1.00,1.37
2017.09.10 23:01:40.712,1.13848,1.13858,1.00,1.00
2017.09.10 23:01:41.372,1.13848,1.13858,1.00,1.37
2017.09.10 23:01:43.323,1.13848,1.13858,1.00,1.00
2017.09.10 23:01:44.012,1.13848,1.13858,1.00,1.37
2017.09.10 23:01:44.962,1.13848,1.13858,1.00,1.00
2017.09.10 23:01:45.520,1.13848,1.13858,1.00,1.37
2017.09.10 23:01:46.046,1.13848,1.13858,1.00,1.00
2017.09.10 23:01:46.584,1.13848,1.13858,1.00,1.37
2017.09.10 23:01:46.787,1.13846,1.13858,1.00,1.37
2017.09.10 23:01:46.838,1.13848,1.13858,1.00,1.00
2017.09.10 23:01:47.141,1.13846,1.13858,1.00,1.37
2017.09.10 23:01:47.192,1.13848,1.13858,1.00,1.00
2017.09.10 23:01:47.976,1.13848,1.13858,1.00,1.37
2017.09.10 23:01:48.572,1.13848,1.13858,1.00,1.00
2017.09.10 23:01:49.075,1.13848,1.13858,1.00,1.37
2017.09.10 23:01:49.635,1.13848,1.13858,1.00,1.00
2017.09.10 23:01:50.233,1.13848,1.13858,1.00,1.37
2017.09.10 23:01:50.975,1.13848,1.13858,1.00,1.00
2017.09.10 23:01:52.945,1.13848,1.13858,1.00,1.37
2017.09.10 23:01:53.462,1.13848,1.13858,1.00,1.00
2017.09.10 23:01:54.296,1.13848,1.13858,1.00,1.37
2017.09.10 23:01:54.996,1.13848,1.13858,1.00,1.00
2017.09.10 23:02:00.182,1.13848,1.13858,1.00,1.37
2017.09.10 23:02:00.685,1.13848,1.13858,1.00,1.00
2017.09.10 23:02:03.626,1.13848,1.13856,1.00,1.00
2017.09.10 23:02:03.782,1.13848,1.13858,1.50,1.00
2017.09.10 23:02:04.344,1.13848,1.13855,1.00,1.00
2017.09.10 23:02:10.839,1.13848,1.13852,1.00,1.00
2017.09.10 23:02:10.890,1.13846,1.13854,1.12,1.00
2017.09.10 23:02:10.941,1.13847,1.13857,1.12,1.00
2017.09.10 23:02:10.993,1.13841,1.13849,1.37,1.00
2017.09.10 23:02:11.044,1.13835,1.13846,1.00,1.00
2017.09.10 23:02:11.095,1.13845,1.13856,1.00,1.00
2017.09.10 23:02:11.401,1.13847,1.13856,1.00,1.00
2017.09.10 23:02:19.247,1.13848,1.13857,1.00,1.00
2017.09.10 23:02:19.554,1.13849,1.13858,1.37,1.00
2017.09.10 23:02:20.086,1.13849,1.13859,1.37,1.00
2017.09.10 23:02:28.671,1.13849,1.13859,1.00,1.00
2017.09.10 23:02:28.774,1.13849,1.13859,1.37,1.00
2017.09.10 23:02:33.386,1.13849,1.13859,1.37,1.00
2017.09.10 23:02:33.891,1.13848,1.13858,2.06,1.00
2017.09.10 23:02:34.095,1.13848,1.13858,1.00,1.00
2017.09.10 23:02:34.564,1.13848,1.13858,2.06,1.00
2017.09.10 23:02:42.987,1.13848,1.13859,2.06,1.00
2017.09.10 23:02:43.943,1.13848,1.1386,2.06,1.00
2017.09.10 23:02:44.482,1.13849,1.1386,1.62,1.00
2017.09.10 23:02:44.584,1.13848,1.1386,1.69,1.00
2017.09.10 23:02:45.100,1.13849,1.1386,1.31,1.00
2017.09.10 23:02:46.193,1.13848,1.1386,1.69,1.00
2017.09.10 23:02:46.717,1.13849,1.1386,1.00,1.00
2017.09.10 23:02:47.222,1.13849,1.1386,1.37,1.00
2017.09.10 23:02:47.777,1.13848,1.1386,1.69,1.00
2017.09.10 23:02:48.298,1.13849,1.1386,1.12,1.00
2017.09.10 23:02:48.860,1.13849,1.1386,1.62,1.00
2017.09.10 23:02:50.887,1.13848,1.13859,1.25,1.00
2017.09.10 23:02:51.142,1.13848,1.13857,1.00,1.00
2017.09.10 23:02:53.047,1.13846,1.13855,1.37,1.00
2017.09.10 23:03:02.991,1.13846,1.13858,1.37,1.00
2017.09.10 23:03:03.043,1.13846,1.13853,1.87,1.00
2017.09.10 23:03:03.094,1.13848,1.13856,1.00,1.00
2017.09.10 23:03:03.602,1.13848,1.13857,1.00,1.00
2017.09.10 23:03:07.846,1.13847,1.13855,1.00,1.00
2017.09.10 23:03:07.898,1.13845,1.13857,1.37,1.00
2017.09.10 23:03:08.001,1.13849,1.13858,1.50,1.00
2017.09.10 23:03:08.053,1.13846,1.13859,1.87,1.00
2017.09.10 23:03:08.104,1.13849,1.13859,1.50,1.00
2017.09.10 23:03:08.413,1.13848,1.13856,1.00,1.00
2017.09.10 23:03:08.982,1.13847,1.13857,1.87,1.00
2017.09.10 23:03:11.459,1.13847,1.13855,1.87,1.00
2017.09.10 23:03:13.410,1.13847,1.13857,1.12,1.00
2017.09.10 23:03:18.315,1.13848,1.13859,1.69,1.00
2017.09.10 23:03:37.482,1.13847,1.13855,1.12,1.00
2017.09.10 23:03:46.512,1.13848,1.13857,1.00,1.00
2017.09.10 23:03:46.716,1.13848,1.13859,1.00,1.00
2017.09.10 23:03:46.820,1.13847,1.13856,2.81,1.00
2017.09.10 23:03:47.371,1.13848,1.13857,1.00,1.00
2017.09.10 23:04:00.490,1.13845,1.13856,1.87,1.00
2017.09.10 23:04:00.998,1.13847,1.13856,1.00,1.00
2017.09.10 23:04:02.919,1.13848,1.13856,1.00,1.00
2017.09.10 23:04:04.214,1.13848,1.13857,1.00,1.00
2017.09.10 23:04:11.894,1.13848,1.13858,1.00,1.00
2017.09.10 23:04:12.479,1.13847,1.13856,1.12,1.00
2017.09.10 23:04:12.530,1.13849,1.1386,2.25,1.00
2017.09.10 23:04:13.039,1.13848,1.13859,1.25,1.00
2017.09.10 23:04:21.969,1.13848,1.13858,1.00,1.00
2017.09.10 23:04:31.648,1.13848,1.13863,1.37,1.00
2017.09.10 23:04:31.699,1.13849,1.13858,2.44,1.00
2017.09.10 23:04:32.223,1.13848,1.13858,1.69,1.00
2017.09.10 23:04:37.920,1.13849,1.13859,1.25,1.00
2017.09.10 23:04:38.427,1.13848,1.13859,1.69,1.00
2017.09.10 23:04:39.004,1.13847,1.13859,1.87,1.00
2017.09.10 23:04:40.223,1.13848,1.13859,1.69,1.00
2017.09.10 23:04:43.660,1.13848,1.13859,2.06,1.00
2017.09.10 23:04:43.712,1.13848,1.13859,2.06,1.00
2017.09.10 23:04:47.888,1.13849,1.13859,1.25,1.00
2017.09.10 23:05:02.702,1.13848,1.13859,1.69,1.00
2017.09.10 23:05:02.753,1.1385,1.1386,1.00,1.00
2017.09.10 23:05:03.059,1.13854,1.13863,1.37,1.00
2017.09.10 23:05:03.161,1.13853,1.13863,1.00,1.00
2017.09.10 23:05:06.589,1.13852,1.13864,1.00,1.00
2017.09.10 23:05:07.331,1.13852,1.13863,1.00,1.00
2017.09.10 23:05:07.827,1.13853,1.13863,1.37,1.00
2017.09.10 23:05:08.386,1.13853,1.13863,1.00,1.00
2017.09.10 23:05:09.479,1.13853,1.13863,1.37,1.00
2017.09.10 23:05:10.438,1.13853,1.13863,1.00,1.00
2017.09.10 23:05:11.956,1.13852,1.13872,1.37,1.25
2017.09.10 23:05:12.007,1.13855,1.13863,1.00,1.50
2017.09.10 23:05:12.476,1.13852,1.13863,1.00,1.50
2017.09.10 23:05:13.914,1.13852,1.13864,1.00,1.00
2017.09.10 23:05:14.428,1.13852,1.13863,1.50,1.00
2017.09.10 23:05:17.510,1.13852,1.1387,1.37,1.00
2017.09.10 23:05:17.810,1.13852,1.1387,1.87,1.00
2017.09.10 23:05:17.861,1.13852,1.13863,1.00,1.00
2017.09.10 23:05:18.333,1.13849,1.13863,3.00,1.00
2017.09.10 23:05:18.742,1.13852,1.13864,1.00,1.00
2017.09.10 23:05:18.894,1.1385,1.13864,1.12,1.00
2017.09.10 23:05:18.946,1.13852,1.13864,1.00,1.00
2017.09.10 23:05:18.997,1.1385,1.13865,1.50,1.00
2017.09.10 23:05:19.048,1.1385,1.13863,1.00,1.00
2017.09.10 23:05:19.353,1.13852,1.13864,1.00,1.00
2017.09.10 23:05:20.190,1.13851,1.13862,1.37,1.00
2017.09.10 23:05:20.876,1.13851,1.13862,1.00,1.00
2017.09.10 23:05:26.662,1.13851,1.13862,1.37,1.00
2017.09.10 23:05:27.186,1.13851,1.13862,1.00,1.00
2017.09.10 23:05:35.691,1.13852,1.13862,1.00,1.00
2017.09.10 23:05:35.843,1.13852,1.1387,1.37,1.50
2017.09.10 23:05:35.895,1.13852,1.1387,1.87,1.50
2017.09.10 23:05:35.997,1.13852,1.13862,1.00,3.00
2017.09.10 23:05:36.048,1.13852,1.13862,1.37,3.00
2017.09.10 23:05:36.099,1.13852,1.1387,1.87,1.50
2017.09.10 23:05:36.251,1.13854,1.1387,1.37,1.50
2017.09.10 23:05:36.302,1.13852,1.13862,1.50,6.00
2017.09.10 23:05:38.287,1.13852,1.13863,1.00,1.00
2017.09.10 23:05:38.440,1.13853,1.13863,1.37,1.00
2017.09.10 23:05:39.015,1.13853,1.13863,1.00,1.00
2017.09.10 23:05:39.553,1.13853,1.13864,1.12,1.00
2017.09.10 23:05:40.098,1.13852,1.13863,1.00,1.00
2017.09.10 23:05:43.006,1.1385,1.13863,1.37,1.00
2017.09.10 23:05:43.057,1.13848,1.13863,3.37,1.00
2017.09.10 23:05:43.210,1.13846,1.13861,5.62,1.00
2017.09.10 23:05:43.363,1.13848,1.1386,1.19,1.00
2017.09.10 23:05:43.414,1.13846,1.1386,1.37,1.00
2017.09.10 23:05:43.923,1.13848,1.1386,1.50,1.00
2017.09.10 23:05:47.374,1.13849,1.13861,1.00,1.00
2017.09.10 23:05:47.425,1.13848,1.13861,1.37,1.00
2017.09.10 23:05:47.476,1.13848,1.13861,1.00,1.00
2017.09.10 23:05:48.548,1.13849,1.13861,1.00,1.00
2017.09.10 23:05:49.054,1.13848,1.13861,1.50,1.00
2017.09.10 23:05:49.722,1.13848,1.13861,1.37,1.00
2017.09.10 23:05:49.773,1.13848,1.13861,1.00,1.00
2017.09.10 23:05:50.277,1.13849,1.13861,1.00,1.00
2017.09.10 23:05:51.878,1.13848,1.13861,1.50,1.00
2017.09.10 23:05:51.930,1.13848,1.13861,1.87,1.00
2017.09.10 23:05:52.032,1.13848,1.13861,1.50,1.00
2017.09.10 23:05:52.996,1.13848,1.13861,1.87,1.00
2017.09.10 23:05:53.047,1.13848,1.13861,2.25,1.00
2017.09.10 23:05:53.099,1.13848,1.13861,1.87,1.00
2017.09.10 23:05:53.150,1.13848,1.13861,1.50,1.00
2017.09.10 23:05:56.971,1.13848,1.13861,1.87,1.00
2017.09.10 23:05:57.073,1.13848,1.13861,1.50,1.00
2017.09.10 23:05:57.125,1.13845,1.13861,3.00,1.00
2017.09.10 23:05:57.638,1.13847,1.13861,1.00,1.00
2017.09.10 23:05:59.826,1.13848,1.13861,1.00,1.00
2017.09.10 23:06:00.331,1.13847,1.13861,1.00,1.00
2017.09.10 23:06:11.166,1.13847,1.13859,1.00,1.00
2017.09.10 23:06:11.865,1.13848,1.13859,1.00,1.00
2017.09.10 23:06:14.035,1.13847,1.13859,1.00,1.00
2017.09.10 23:06:19.346,1.13847,1.13858,1.00,1.00
2017.09.10 23:06:19.652,1.13844,1.13858,1.87,1.00
2017.09.10 23:06:19.755,1.13847,1.13859,1.00,1.00
2017.09.10 23:06:20.188,1.13844,1.13859,1.87,1.00
2017.09.10 23:06:20.395,1.13844,1.13857,1.50,1.00
2017.09.10 23:06:20.905,1.13844,1.13856,2.44,1.00
2017.09.10 23:06:46.110,1.13844,1.13856,2.25,1.37
2017.09.10 23:06:49.186,1.13844,1.13856,2.25,1.00
2017.09.10 23:06:49.424,1.13845,1.13856,1.37,1.00
2017.09.10 23:06:49.476,1.13846,1.13859,1.12,1.00
2017.09.10 23:06:49.632,1.13844,1.13859,2.62,1.00
2017.09.10 23:06:49.736,1.13847,1.13859,1.00,1.00
2017.09.10 23:06:55.383,1.13846,1.13859,1.12,1.00
2017.09.10 23:06:56.161,1.13847,1.13859,1.00,1.00
2017.09.10 23:06:56.774,1.13846,1.13859,1.00,1.00
2017.09.10 23:07:02.738,1.13846,1.13858,1.00,1.00
2017.09.10 23:07:03.249,1.13847,1.13858,1.00,1.00
2017.09.10 23:07:05.540,1.13846,1.13857,1.00,1.00
2017.09.10 23:07:05.709,1.13844,1.13856,1.87,1.00
2017.09.10 23:07:05.760,1.13844,1.13858,1.87,1.00
2017.09.10 23:07:05.812,1.13846,1.13858,1.00,1.00
2017.09.10 23:07:05.863,1.13844,1.13857,2.06,1.00
2017.09.10 23:07:06.400,1.13844,1.13856,2.25,1.00
2017.09.10 23:07:11.931,1.13846,1.13858,1.00,1.12
2017.09.10 23:07:12.437,1.13846,1.13858,1.37,1.00
2017.09.10 23:07:12.778,1.13845,1.13858,1.00,1.00
2017.09.10 23:07:12.981,1.13846,1.13858,1.37,1.00
2017.09.10 23:07:15.189,1.13846,1.13858,1.00,1.00
2017.09.10 23:07:17.879,1.13844,1.13858,1.87,1.00
2017.09.10 23:07:18.034,1.13846,1.13858,1.00,1.00
2017.09.10 23:07:18.137,1.13844,1.13857,1.50,1.00
2017.09.10 23:07:18.650,1.13844,1.13856,2.44,1.00
2017.09.10 23:07:33.588,1.13845,1.13856,1.00,1.00
2017.09.10 23:07:34.113,1.13845,1.13857,1.00,1.00
2017.09.10 23:07:49.697,1.13845,1.13856,1.00,1.00
2017.09.10 23:07:49.748,1.13845,1.13856,1.50,1.37
2017.09.10 23:07:50.256,1.13844,1.13856,3.00,1.37
2017.09.10 23:07:51.336,1.13845,1.13858,1.50,1.00
2017.09.10 23:07:59.959,1.13846,1.1386,1.50,1.50
2017.09.10 23:08:00.263,1.13846,1.13857,1.00,1.00
2017.09.10 23:08:00.568,1.13845,1.13857,1.00,1.37
2017.09.10 23:08:01.132,1.13846,1.13858,1.37,2.25
2017.09.10 23:08:01.183,1.13848,1.1386,1.00,1.00
2017.09.10 23:08:01.439,1.13848,1.13858,1.00,1.00
2017.09.10 23:08:19.996,1.13846,1.13858,1.00,1.00
2017.09.10 23:08:20.157,1.13845,1.13856,1.00,1.00
2017.09.10 23:08:30.790,1.13844,1.13856,1.00,1.00
2017.09.10 23:08:30.841,1.13844,1.13858,2.25,3.00
2017.09.10 23:08:30.944,1.13844,1.13856,3.19,1.00
2017.09.10 23:08:37.377,1.13845,1.13856,1.00,1.00
2017.09.10 23:08:37.478,1.13845,1.13858,1.00,3.94
2017.09.10 23:08:41.068,1.13845,1.13857,1.00,1.50
2017.09.10 23:08:41.221,1.13851,1.13858,1.00,1.00
2017.09.10 23:08:41.374,1.13849,1.13858,1.00,1.00
2017.09.10 23:08:41.426,1.13849,1.1386,1.00,1.00
2017.09.10 23:08:41.579,1.13849,1.13858,1.00,1.00
2017.09.10 23:08:41.681,1.13849,1.1386,1.00,1.00
2017.09.10 23:08:50.683,1.13849,1.13858,1.00,1.00
2017.09.10 23:08:56.700,1.13847,1.1386,1.00,1.37
2017.09.10 23:08:58.739,1.13846,1.13858,1.00,1.37
2017.09.10 23:08:58.893,1.13848,1.1386,1.00,1.00
2017.09.10 23:08:59.046,1.13846,1.13858,1.50,1.00
2017.09.10 23:08:59.553,1.13845,1.13857,1.50,1.50
2017.09.10 23:09:00.705,1.13845,1.13856,1.00,1.00
2017.09.10 23:09:01.865,1.13844,1.13856,3.19,1.00
2017.09.10 23:09:09.114,1.13845,1.13856,1.50,1.00
2017.09.10 23:09:09.429,1.13848,1.13856,1.00,1.50
2017.09.10 23:09:10.066,1.13849,1.13856,1.00,1.50
2017.09.10 23:09:12.676,1.13848,1.13856,1.00,1.50
2017.09.10 23:09:33.603,1.13847,1.13856,1.00,1.00
2017.09.10 23:09:33.909,1.13846,1.13854,1.00,1.00
2017.09.10 23:09:34.485,1.13845,1.13854,1.00,1.00
2017.09.10 23:09:35.091,1.13844,1.13854,1.00,1.00
2017.09.10 23:09:44.360,1.13846,1.13854,1.00,1.50
2017.09.10 23:09:44.754,1.13844,1.13854,1.00,1.50
2017.09.10 23:09:47.629,1.13844,1.13852,1.00,1.00
2017.09.10 23:09:52.841,1.13844,1.13854,1.00,1.00
2017.09.10 23:09:54.292,1.13844,1.13852,1.00,1.00
2017.09.10 23:09:54.343,1.13844,1.13854,1.00,1.50
2017.09.10 23:09:54.394,1.13844,1.13852,1.00,1.00
2017.09.10 23:09:54.445,1.13844,1.13854,1.00,1.00
2017.09.10 23:09:54.549,1.13844,1.13856,1.00,1.00
2017.09.10 23:09:54.651,1.13844,1.13853,1.00,1.00
2017.09.10 23:09:54.956,1.13848,1.13855,1.00,1.00
2017.09.10 23:09:55.704,1.13847,1.13855,1.00,1.00
2017.09.10 23:09:56.394,1.13847,1.13857,1.00,1.00
2017.09.10 23:10:22.898,1.13848,1.13857,1.00,1.00
2017.09.10 23:10:23.205,1.1385,1.13858,1.00,1.00
2017.09.10 23:10:23.307,1.1385,1.1386,1.00,1.00
2017.09.10 23:10:23.425,1.1385,1.13858,1.00,1.00
2017.09.10 23:10:23.933,1.13849,1.13858,1.00,1.00
2017.09.10 23:10:29.077,1.13847,1.13858,1.00,1.00
2017.09.10 23:10:29.179,1.13849,1.1386,1.00,1.50
2017.09.10 23:10:29.484,1.1385,1.13858,1.00,1.00
2017.09.10 23:10:30.011,1.13849,1.13858,1.00,1.50
2017.09.10 23:10:30.695,1.13848,1.13858,1.00,1.50
2017.09.10 23:10:31.009,1.13848,1.13856,1.00,1.00
2017.09.10 23:10:33.546,1.13845,1.13852,1.00,1.50
2017.09.10 23:10:33.869,1.13845,1.1385,1.00,1.00
2017.09.10 23:10:38.445,1.13845,1.13854,1.00,1.25
2017.09.10 23:10:38.496,1.13844,1.13852,1.00,1.00
2017.09.10 23:10:38.752,1.13844,1.13854,1.00,1.50
2017.09.10 23:10:38.956,1.13846,1.13854,1.00,1.00
2017.09.10 23:10:39.007,1.13846,1.13856,1.00,1.00
2017.09.10 23:10:39.108,1.13846,1.13854,1.00,1.00
2017.09.10 23:10:39.616,1.13846,1.13853,1.00,1.00
2017.09.10 23:10:39.953,1.13844,1.13853,1.00,1.50
2017.09.10 23:10:40.055,1.13846,1.13851,1.00,1.00
2017.09.10 23:10:51.121,1.13844,1.13851,1.00,1.00
2017.09.10 23:10:53.902,1.13843,1.13851,1.00,1.00
2017.09.10 23:10:53.953,1.13843,1.13853,1.00,1.69
2017.09.10 23:10:54.055,1.13844,1.13851,1.00,1.00
2017.09.10 23:11:08.201,1.13842,1.13853,1.00,1.00
2017.09.10 23:11:08.303,1.13843,1.13851,1.00,1.00
2017.09.10 23:11:08.761,1.13841,1.13851,1.00,1.00
2017.09.10 23:11:10.302,1.13843,1.13851,1.00,1.00
2017.09.10 23:11:10.427,1.13846,1.13855,1.00,1.50
2017.09.10 23:11:11.391,1.13846,1.13853,1.00,1.00
2017.09.10 23:11:12.064,1.13846,1.13855,1.00,1.00
2017.09.10 23:11:12.386,1.13846,1.13853,1.00,1.00
2017.09.10 23:11:19.838,1.13845,1.13853,1.00,1.00
2017.09.10 23:11:36.564,1.13845,1.13855,1.00,1.00
2017.09.10 23:12:07.963,1.13846,1.13855,1.00,1.00
2017.09.10 23:12:10.742,1.1384,1.13855,1.00,1.00
2017.09.10 23:12:10.867,1.1384,1.13853,1.00,1.00
2017.09.10 23:12:12.351,1.13839,1.13853,1.00,1.00
2017.09.10 23:12:22.293,1.13839,1.13851,1.00,1.00
2017.09.10 23:12:24.489,1.13839,1.13853,1.00,1.00
2017.09.10 23:12:24.658,1.13841,1.13853,1.00,1.00
2017.09.10 23:12:24.761,1.13842,1.13855,1.00,1.25
2017.09.10 23:12:24.813,1.13844,1.13855,1.00,1.00
2017.09.10 23:12:24.917,1.13845,1.13858,1.00,1.00
2017.09.10 23:12:24.968,1.13844,1.13855,1.00,1.00
2017.09.10 23:12:25.121,1.1384,1.13853,1.00,1.00
2017.09.10 23:12:25.275,1.13842,1.13853,1.00,1.00
2017.09.10 23:12:25.776,1.13841,1.13853,1.00,1.00
2017.09.10 23:12:26.287,1.1384,1.13851,1.00,1.00
2017.09.10 23:12:26.541,1.13838,1.13851,1.00,1.00
2017.09.10 23:12:34.446,1.13837,1.13851,1.00,1.00
2017.09.10 23:12:34.497,1.13839,1.13851,1.00,1.00
2017.09.10 23:12:35.259,1.13839,1.13849,1.00,1.00
2017.09.10 23:12:35.762,1.13838,1.13849,1.00,1.00
2017.09.10 23:12:39.666,1.13838,1.13851,1.00,1.00
2017.09.10 23:12:39.818,1.13839,1.13853,1.00,1.00
2017.09.10 23:12:41.195,1.1384,1.13853,1.00,1.00
2017.09.10 23:12:47.824,1.13839,1.13853,1.00,1.00
2017.09.10 23:12:47.927,1.1384,1.13855,1.00,1.00
2017.09.10 23:12:48.698,1.13841,1.13855,1.00,1.00
2017.09.10 23:12:48.904,1.13839,1.13855,1.00,1.00
2017.09.10 23:12:48.955,1.13841,1.13855,1.00,1.00
2017.09.10 23:12:53.786,1.13842,1.13855,1.00,1.00
2017.09.10 23:12:53.990,1.13843,1.13857,1.00,1.00
2017.09.10 23:12:54.710,1.13843,1.13855,1.00,1.00
2017.09.10 23:13:03.232,1.13843,1.13858,1.00,1.00
2017.09.10 23:13:03.334,1.13841,1.13858,1.50,1.69
2017.09.10 23:13:03.385,1.13841,1.13854,1.00,1.00
2017.09.10 23:13:03.573,1.13842,1.13856,1.00,1.00
2017.09.10 23:13:05.175,1.13841,1.13856,1.00,1.00
2017.09.10 23:13:13.870,1.13843,1.13856,1.00,1.00
2017.09.10 23:13:14.176,1.13845,1.13856,1.00,1.00
2017.09.10 23:13:19.645,1.13844,1.13856,1.00,1.00
2017.09.10 23:13:20.156,1.13843,1.13856,1.00,1.00
2017.09.10 23:13:20.828,1.13844,1.13856,1.00,1.00
2017.09.10 23:13:21.242,1.13844,1.13858,1.00,1.00
2017.09.10 23:13:21.758,1.13843,1.13858,1.00,1.50
2017.09.10 23:13:21.809,1.13843,1.13856,1.00,1.00
2017.09.10 23:13:23.875,1.13845,1.13856,1.00,1.25
2017.09.10 23:13:24.047,1.13845,1.13858,1.00,1.00
2017.09.10 23:13:24.582,1.13844,1.13858,1.00,1.00
2017.09.10 23:13:26.083,1.13843,1.13859,1.50,1.50
2017.09.10 23:13:26.186,1.13847,1.13858,1.00,1.00
2017.09.10 23:13:26.289,1.13847,1.13861,1.00,1.00
2017.09.10 23:13:26.493,1.13847,1.13859,1.00,1.00
2017.09.10 23:13:31.905,1.13849,1.13859,1.00,1.00
2017.09.10 23:13:33.230,1.13847,1.13859,1.00,1.00
2017.09.10 23:13:33.282,1.13849,1.13858,1.00,1.00
2017.09.10 23:13:36.493,1.13848,1.1386,1.00,1.00
2017.09.10 23:13:37.218,1.13844,1.1386,1.00,1.25
2017.09.10 23:13:39.286,1.13841,1.13858,1.50,1.00
2017.09.10 23:13:39.389,1.13843,1.1386,1.00,1.00
2017.09.10 23:13:39.695,1.13844,1.13858,1.00,1.00
2017.09.10 23:13:40.000,1.13846,1.13858,1.00,1.00
2017.09.10 23:13:42.764,1.13848,1.13858,1.00,1.00
2017.09.10 23:13:42.815,1.13848,1.1386,1.00,1.00
2017.09.10 23:13:42.918,1.13847,1.13858,1.00,1.00
2017.09.10 23:13:42.969,1.13848,1.1386,1.00,1.00
2017.09.10 23:13:48.285,1.13849,1.1386,1.00,1.00
2017.09.10 23:14:00.180,1.13848,1.1386,1.00,1.00
2017.09.10 23:14:00.282,1.13848,1.13862,1.00,1.25
2017.09.10 23:14:22.569,1.13847,1.13862,1.00,1.25
2017.09.10 23:14:22.685,1.13847,1.1386,1.00,1.00
2017.09.10 23:14:53.890,1.13848,1.1386,1.00,1.00
2017.09.10 23:15:00.473,1.13849,1.1386,1.00,1.00
2017.09.10 23:15:00.676,1.13848,1.13863,1.00,1.00
2017.09.10 23:15:18.962,1.1385,1.13865,1.00,1.00
2017.09.10 23:15:19.549,1.13851,1.13865,1.00,1.00
2017.09.10 23:15:21.239,1.13852,1.13865,1.00,1.00
2017.09.10 23:15:24.828,1.13849,1.13865,1.00,1.00
2017.09.10 23:15:25.032,1.13851,1.13867,1.00,1.00
2017.09.10 23:15:25.540,1.13852,1.13867,1.00,1.00
2017.09.10 23:15:57.346,1.13851,1.13867,1.00,1.00
2017.09.10 23:16:09.146,1.13851,1.13865,1.00,1.00
2017.09.10 23:16:16.268,1.1385,1.13863,1.00,1.00
2017.09.10 23:16:16.421,1.13848,1.13863,1.00,1.00
2017.09.10 23:16:20.724,1.13847,1.13863,1.00,1.00
2017.09.10 23:16:20.877,1.13848,1.13861,1.00,1.00
2017.09.10 23:16:21.388,1.13847,1.13861,1.00,1.00
2017.09.10 23:16:21.849,1.13846,1.13859,1.00,1.00
2017.09.10 23:16:21.952,1.13846,1.13861,1.00,1.00
2017.09.10 23:16:23.936,1.13846,1.13859,1.00,1.00
2017.09.10 23:16:23.987,1.13846,1.13861,1.00,1.00
2017.09.10 23:16:25.211,1.13846,1.13863,1.00,1.02
2017.09.10 23:16:25.516,1.13846,1.13861,1.00,1.00
2017.09.10 23:16:38.748,1.13845,1.13861,1.00,1.00
2017.09.10 23:16:39.054,1.13845,1.13859,1.00,1.00
2017.09.10 23:16:39.614,1.13846,1.13859,1.00,1.00
2017.09.10 23:16:45.570,1.13845,1.13859,1.00,1.00
2017.09.10 23:17:03.118,1.13843,1.13859,1.00,1.37
2017.09.10 23:17:03.220,1.13843,1.13859,1.00,1.37
2017.09.10 23:17:03.271,1.13843,1.13859,1.00,1.00
2017.09.10 23:17:03.425,1.13843,1.13859,1.00,1.37
2017.09.10 23:17:03.527,1.13843,1.13859,1.00,1.00
2017.09.10 23:17:03.737,1.13843,1.13859,1.00,1.37
2017.09.10 23:17:04.084,1.13843,1.13859,1.00,1.37
2017.09.10 23:17:04.236,1.13843,1.13859,1.00,1.00
2017.09.10 23:17:04.408,1.13843,1.13859,1.00,1.37
2017.09.10 23:17:04.722,1.13843,1.13859,1.00,1.37
2017.09.10 23:17:04.773,1.13843,1.13859,1.00,1.00
2017.09.10 23:17:05.012,1.13843,1.13859,1.00,1.37
2017.09.10 23:17:05.359,1.13843,1.13859,1.00,1.37
2017.09.10 23:17:05.411,1.13843,1.13859,1.00,1.00
2017.09.10 23:17:05.514,1.13843,1.13859,1.00,1.37
2017.09.10 23:17:05.566,1.13844,1.13861,1.00,1.87
2017.09.10 23:17:05.618,1.13844,1.13861,1.00,1.00
2017.09.10 23:17:05.670,1.13845,1.13861,1.00,1.37
2017.09.10 23:17:05.722,1.13845,1.13861,1.00,1.00
2017.09.10 23:17:06.362,1.13846,1.13861,1.00,1.00
2017.09.10 23:17:13.765,1.13846,1.13861,1.00,1.37
2017.09.10 23:17:13.867,1.13846,1.13861,1.00,1.00
2017.09.10 23:17:14.399,1.13845,1.13861,1.00,1.00
2017.09.10 23:17:18.903,1.13845,1.13861,1.00,1.87
2017.09.10 23:17:19.055,1.13845,1.13861,1.00,1.00
2017.09.10 23:17:19.919,1.13845,1.13861,1.00,1.37
2017.09.10 23:17:20.583,1.13845,1.13861,1.00,1.00
2017.09.10 23:17:21.238,1.13845,1.13861,1.00,1.37
2017.09.10 23:17:21.753,1.13845,1.13859,1.00,1.00
2017.09.10 23:17:21.804,1.13845,1.13861,1.00,1.00
2017.09.10 23:17:29.419,1.13842,1.13858,1.50,1.00
2017.09.10 23:17:30.160,1.13842,1.13858,1.87,1.00
2017.09.10 23:17:30.939,1.13843,1.13859,2.25,1.00
2017.09.10 23:17:34.058,1.13843,1.1386,2.25,1.00
2017.09.10 23:17:34.817,1.13843,1.13859,1.00,1.00
2017.09.10 23:17:54.835,1.13845,1.13862,1.00,1.02
2017.09.10 23:17:55.340,1.13846,1.13862,1.00,1.02
2017.09.10 23:17:55.890,1.13846,1.13861,1.00,1.00
2017.09.10 23:18:00.335,1.13844,1.13861,2.25,1.00
2017.09.10 23:18:03.426,1.13844,1.13862,3.00,1.02
2017.09.10 23:18:04.786,1.13846,1.13862,1.00,1.02
2017.09.10 23:18:05.165,1.13844,1.13862,3.00,1.02
2017.09.10 23:18:05.376,1.13844,1.13862,3.37,1.02
2017.09.10 23:18:05.427,1.13844,1.13862,3.00,1.02
2017.09.10 23:18:06.834,1.13844,1.13862,3.37,1.02
2017.09.10 23:18:09.278,1.13844,1.13862,3.75,1.02
2017.09.10 23:18:09.610,1.13846,1.13862,1.00,1.02
2017.09.10 23:18:23.973,1.13848,1.13864,1.00,1.51
2017.09.10 23:18:24.482,1.13849,1.13866,1.00,1.01
2017.09.10 23:18:39.375,1.13851,1.13867,1.00,1.01
2017.09.10 23:18:39.680,1.13849,1.13867,1.69,1.01
2017.09.10 23:18:56.228,1.13847,1.13864,1.69,1.01
2017.09.10 23:18:59.131,1.13848,1.13865,1.00,1.01
2017.09.10 23:18:59.688,1.13849,1.13865,1.00,1.01
2017.09.10 23:19:00.782,1.13848,1.13865,1.50,1.01
2017.09.10 23:19:03.191,1.13847,1.13865,2.44,1.01
2017.09.10 23:19:09.181,1.1385,1.13865,1.00,1.01
2017.09.10 23:19:09.487,1.13852,1.13867,1.00,1.01
2017.09.10 23:19:09.995,1.13851,1.13867,1.00,1.01
2017.09.10 23:19:10.503,1.1385,1.13867,1.50,1.01
2017.09.10 23:19:28.397,1.13851,1.1387,1.00,1.01
2017.09.10 23:19:44.164,1.13851,1.1387,1.37,1.01
2017.09.10 23:19:44.215,1.13851,1.1387,1.00,1.01
2017.09.10 23:19:47.101,1.13851,1.1387,1.37,1.01
2017.09.10 23:19:47.615,1.13851,1.1387,1.12,1.01
2017.09.10 23:19:48.272,1.13851,1.1387,1.37,1.01
2017.09.10 23:19:49.726,1.13851,1.1387,1.12,1.01
2017.09.10 23:19:51.036,1.13851,1.1387,3.00,1.89
2017.09.10 23:19:52.896,1.13851,1.1387,3.00,11.02
2017.09.10 23:19:53.226,1.13851,1.1387,3.00,11.02
2017.09.10 23:19:58.152,1.13852,1.13871,1.00,1.01
2017.09.10 23:19:58.713,1.13853,1.13872,1.87,1.01
2017.09.10 23:19:59.879,1.13855,1.13873,5.25,1.01
2017.09.10 23:20:03.466,1.13855,1.13874,7.87,3.76
2017.09.10 23:20:04.126,1.13855,1.13874,7.87,9.04
2017.09.10 23:20:05.280,1.13855,1.13874,1.87,9.79
2017.09.10 23:20:05.331,1.13855,1.13874,1.50,12.06
2017.09.10 23:20:05.795,1.13855,1.13873,1.37,2.26
2017.09.10 23:20:05.846,1.13855,1.13873,1.37,3.78
2017.09.10 23:20:06.157,1.13852,1.13871,2.25,1.51
2017.09.10 23:20:06.766,1.13853,1.13872,2.62,1.01
2017.09.10 23:20:09.929,1.13855,1.13873,10.50,1.51
2017.09.10 23:20:10.018,1.13856,1.13875,1.50,1.00
2017.09.10 23:20:10.528,1.13856,1.13874,1.50,1.00
2017.09.10 23:20:17.508,1.13856,1.13875,1.50,2.25
2017.09.10 23:20:24.600,1.13856,1.13874,1.50,1.00
2017.09.10 23:20:25.135,1.13856,1.13875,1.50,1.00
2017.09.10 23:20:38.058,1.13856,1.13874,1.50,1.00
2017.09.10 23:21:06.960,1.13856,1.13874,1.87,1.37
2017.09.10 23:21:07.011,1.13856,1.13874,1.87,1.00
2017.09.10 23:21:14.111,1.13857,1.13875,1.00,1.50
2017.09.10 23:21:14.658,1.13858,1.13874,1.00,1.00
2017.09.10 23:21:15.167,1.13858,1.13875,1.00,1.00
2017.09.10 23:21:20.172,1.13858,1.13874,1.00,1.00
2017.09.10 23:21:20.275,1.13856,1.13874,1.12,1.00
2017.09.10 23:21:20.779,1.13857,1.13873,1.00,1.00
2017.09.10 23:21:21.948,1.13856,1.13873,1.00,1.00
2017.09.10 23:21:26.365,1.13856,1.13872,1.00,1.00
2017.09.10 23:21:29.768,1.13854,1.13872,3.75,1.00
2017.09.10 23:21:30.450,1.13855,1.13872,1.00,1.00
2017.09.10 23:21:30.560,1.13856,1.13874,1.00,1.00
2017.09.10 23:21:31.073,1.13856,1.13873,1.00,1.00
2017.09.10 23:21:31.738,1.13856,1.13872,1.00,1.00
2017.09.10 23:21:33.491,1.13857,1.13873,1.00,1.00
2017.09.10 23:21:33.593,1.13854,1.13871,3.19,1.00
2017.09.10 23:21:43.388,1.13854,1.1387,1.00,1.00
2017.09.10 23:21:52.113,1.13854,1.1387,1.37,1.00
2017.09.10 23:21:52.164,1.13854,1.1387,1.00,1.00
2017.09.10 23:21:52.746,1.13855,1.1387,1.00,1.00
2017.09.10 23:21:58.715,1.13855,1.13871,1.00,1.00
2017.09.10 23:22:00.715,1.13854,1.13871,1.00,1.00
2017.09.10 23:22:05.285,1.13855,1.13872,1.50,1.00
2017.09.10 23:22:17.698,1.13855,1.13871,1.50,1.00
2017.09.10 23:22:25.929,1.13855,1.13872,1.87,1.00
2017.09.10 23:22:26.623,1.13856,1.13873,1.00,1.00
2017.09.10 23:22:31.669,1.13856,1.13873,1.87,1.00
2017.09.10 23:22:31.913,1.13856,1.13873,1.50,1.00
2017.09.10 23:22:37.174,1.13856,1.13872,1.00,1.00
2017.09.10 23:22:37.395,1.13855,1.13872,1.87,1.00
2017.09.10 23:22:37.446,1.13855,1.13872,1.87,1.00
2017.09.10 23:22:38.226,1.13855,1.13872,1.50,1.00
2017.09.10 23:22:47.590,1.13855,1.13872,1.37,1.00
2017.09.10 23:22:48.139,1.13855,1.13872,1.00,1.00
2017.09.10 23:23:00.940,1.13855,1.1387,1.50,1.00
2017.09.10 23:23:41.190,1.13855,1.1387,1.87,1.00
2017.09.10 23:23:41.241,1.13855,1.1387,1.50,1.00
2017.09.10 23:23:45.790,1.13855,1.1387,1.87,1.00
2017.09.10 23:23:46.295,1.13855,1.1387,1.50,1.00
2017.09.10 23:23:47.613,1.13855,1.13869,1.37,1.00
2017.09.10 23:23:47.664,1.13853,1.13868,1.00,1.00
2017.09.10 23:23:47.832,1.13853,1.1387,1.69,1.00
2017.09.10 23:23:48.606,1.13854,1.1387,1.50,1.00
2017.09.10 23:23:49.444,1.13853,1.1387,1.50,1.00
2017.09.10 23:23:49.495,1.13853,1.1387,1.87,1.00
2017.09.10 23:23:50.134,1.13855,1.1387,1.00,1.00
2017.09.10 23:23:55.763,1.13855,1.13871,1.00,1.00
2017.09.10 23:23:56.530,1.13856,1.13871,1.00,1.00
2017.09.10 23:23:56.882,1.13854,1.13871,1.50,1.00
2017.09.10 23:23:57.035,1.13856,1.13872,1.00,1.00
2017.09.10 23:24:00.300,1.13856,1.13871,1.00,1.00
2017.09.10 23:24:00.914,1.13856,1.13871,1.87,1.00
2017.09.10 23:24:01.461,1.13856,1.13871,1.50,1.00
2017.09.10 23:24:02.855,1.13854,1.13866,1.00,1.00
2017.09.10 23:24:02.906,1.13852,1.13867,1.12,1.00
2017.09.10 23:24:03.060,1.1385,1.13865,1.00,1.00
2017.09.10 23:24:03.589,1.1385,1.13866,1.50,1.00
2017.09.10 23:24:12.035,1.1385,1.13865,1.50,1.00
2017.09.10 23:24:23.884,1.1385,1.13861,1.00,1.00
2017.09.10 23:24:23.935,1.13848,1.13861,3.75,1.00
2017.09.10 23:24:24.037,1.1385,1.1386,1.00,1.00
2017.09.10 23:24:24.156,1.13848,1.1386,2.25,1.00
2017.09.10 23:24:25.179,1.13847,1.1386,1.12,1.00
2017.09.10 23:24:27.431,1.13847,1.13861,1.12,1.00
2017.09.10 23:24:28.832,1.13848,1.13863,2.44,1.50
2017.09.10 23:24:28.986,1.1385,1.13864,1.00,1.00
2017.09.10 23:24:29.037,1.13848,1.13864,3.00,1.00
2017.09.10 23:24:29.139,1.1385,1.13864,1.00,1.00
2017.09.10 23:24:29.750,1.13849,1.13864,1.00,1.00
2017.09.10 23:24:36.790,1.13849,1.13863,1.00,1.00
2017.09.10 23:24:37.309,1.13848,1.13863,3.19,1.00
2017.09.10 23:24:40.140,1.13848,1.13864,3.37,1.00
2017.09.10 23:24:40.446,1.13851,1.13864,1.00,1.00
2017.09.10 23:24:40.976,1.1385,1.13864,1.00,1.00
2017.09.10 23:24:58.200,1.13849,1.13864,1.00,1.00
2017.09.10 23:25:00.844,1.1385,1.13864,1.00,1.00
2017.09.10 23:25:01.640,1.1385,1.13865,1.00,1.00
2017.09.10 23:25:01.829,1.13848,1.13864,4.12,1.00
2017.09.10 23:25:04.842,1.13848,1.13863,4.12,1.00
2017.09.10 23:25:04.979,1.13848,1.13863,4.50,1.00
2017.09.10 23:25:05.030,1.13848,1.13863,4.12,1.00
2017.09.10 23:25:08.439,1.13848,1.13862,3.37,1.00
2017.09.10 23:25:08.944,1.13848,1.13861,1.50,1.00
2017.09.10 23:25:30.127,1.13848,1.1386,2.44,1.00
2017.09.10 23:25:34.434,1.13848,1.13856,1.50,1.00
2017.09.10 23:25:34.486,1.13848,1.1386,2.44,1.00
2017.09.10 23:25:34.640,1.13843,1.13858,1.50,1.00
2017.09.10 23:25:34.692,1.13841,1.13855,6.00,1.00
2017.09.10 23:25:35.219,1.13842,1.13854,1.00,1.00
2017.09.10 23:25:35.650,1.13842,1.13857,1.69,1.00
2017.09.10 23:25:39.777,1.13841,1.13858,1.00,1.00
2017.09.10 23:25:39.880,1.13842,1.13856,1.00,1.00
2017.09.10 23:25:40.969,1.13842,1.13857,1.25,1.00
2017.09.10 23:25:41.478,1.13843,1.13856,1.00,1.12
2017.09.10 23:25:41.781,1.13843,1.13856,1.00,1.37
2017.09.10 23:25:41.832,1.13843,1.13856,1.00,1.00
2017.09.10 23:25:42.385,1.13843,1.13857,1.00,1.00
2017.09.10 23:25:43.099,1.13844,1.13857,1.00,1.00
2017.09.10 23:25:45.512,1.13842,1.13852,1.00,1.00
2017.09.10 23:25:45.624,1.13838,1.13851,1.00,1.00
2017.09.10 23:25:45.779,1.13836,1.1385,1.25,1.00
2017.09.10 23:25:45.883,1.13838,1.1385,1.00,1.00
2017.09.10 23:25:50.039,1.13838,1.13853,1.25,1.00
2017.09.10 23:25:50.193,1.1384,1.13853,1.00,1.00
2017.09.10 23:25:50.731,1.1384,1.13854,1.50,1.00
2017.09.10 23:25:59.063,1.13839,1.13853,1.00,1.00
2017.09.10 23:25:59.575,1.13838,1.13853,1.00,1.00
2017.09.10 23:26:00.588,1.13838,1.13852,2.25,1.00
2017.09.10 23:26:01.233,1.13838,1.13851,1.50,1.00
2017.09.10 23:26:35.949,1.13838,1.1385,1.00,1.00
2017.09.10 23:26:36.880,1.13838,1.1385,1.00,1.37
2017.09.10 23:26:36.982,1.13838,1.1385,1.00,1.12
2017.09.10 23:26:42.881,1.13838,1.1385,1.00,1.37
2017.09.10 23:26:42.933,1.13838,1.1385,1.00,1.00
2017.09.10 23:26:43.488,1.13838,1.13851,1.50,2.25
2017.09.10 23:26:50.712,1.13838,1.1385,1.00,1.00
2017.09.10 23:26:51.882,1.13836,1.1385,1.25,1.00
2017.09.10 23:26:52.399,1.13836,1.13849,1.00,1.00
2017.09.10 23:26:52.553,1.13836,1.13851,1.00,1.00
2017.09.10 23:26:52.795,1.13838,1.1385,1.00,1.00
2017.09.10 23:26:54.204,1.13838,1.13852,1.50,1.00
2017.09.10 23:26:54.372,1.13841,1.13854,1.00,1.00
2017.09.10 23:26:54.883,1.1384,1.13854,1.69,1.00
2017.09.10 23:27:02.456,1.1384,1.13853,1.00,1.00
2017.09.10 23:27:02.965,1.13839,1.13854,1.00,1.00
2017.09.10 23:27:05.197,1.1384,1.13854,1.50,1.00
2017.09.10 23:27:11.268,1.1384,1.13854,1.50,1.37
2017.09.10 23:27:11.880,1.1384,1.13854,1.50,1.00
2017.09.10 23:27:13.348,1.1384,1.13856,3.19,1.00
2017.09.10 23:27:13.400,1.13842,1.13856,1.50,1.00
2017.09.10 23:27:13.940,1.13842,1.13857,1.00,1.00
2017.09.10 23:27:14.531,1.13842,1.13856,1.00,1.00
2017.09.10 23:27:27.631,1.13843,1.13857,1.00,1.00
2017.09.10 23:27:28.141,1.13844,1.13857,1.00,1.00
2017.09.10 23:27:30.158,1.13844,1.13857,1.00,1.37
2017.09.10 23:27:30.766,1.13844,1.13857,1.00,1.00
2017.09.10 23:27:31.648,1.13844,1.13857,1.00,1.37
2017.09.10 23:27:32.187,1.13844,1.13857,1.00,1.00
2017.09.10 23:27:34.521,1.13843,1.13856,1.00,1.00
2017.09.10 23:27:34.777,1.13841,1.13855,1.00,1.00
2017.09.10 23:27:34.829,1.13839,1.13855,1.00,1.50
2017.09.10 23:27:34.931,1.13841,1.13854,1.00,1.00
2017.09.10 23:27:35.452,1.13842,1.13854,1.00,1.50
2017.09.10 23:27:35.808,1.1384,1.13854,1.00,1.00
2017.09.10 23:27:38.596,1.13837,1.1385,1.00,1.00
2017.09.10 23:27:38.647,1.13835,1.1385,2.25,1.00
2017.09.10 23:27:39.156,1.13836,1.1385,1.50,1.00
2017.09.10 23:27:59.292,1.13838,1.1385,1.00,1.00
2017.09.10 23:28:00.499,1.13838,1.1385,1.00,1.37
2017.09.10 23:28:00.857,1.13838,1.1385,1.00,1.12
2017.09.10 23:28:16.912,1.13837,1.1385,1.00,1.00
2017.09.10 23:28:17.064,1.13836,1.13848,1.00,1.00
2017.09.10 23:28:17.267,1.13834,1.13848,1.00,1.00
2017.09.10 23:28:17.799,1.13835,1.13849,1.00,1.00
2017.09.10 23:28:34.725,1.13835,1.1385,1.00,1.50
2017.09.10 23:28:34.828,1.13837,1.1385,1.00,1.50
2017.09.10 23:28:35.174,1.13835,1.13848,1.00,1.00
2017.09.10 23:28:39.355,1.13834,1.13848,1.00,1.00
2017.09.10 23:28:39.876,1.13834,1.13849,1.50,1.00
2017.09.10 23:28:44.196,1.13833,1.13848,1.00,1.00
2017.09.10 23:28:44.350,1.1383,1.13847,1.00,1.00
2017.09.10 23:28:44.401,1.13832,1.13847,1.00,1.00
2017.09.10 23:28:44.911,1.13833,1.13847,1.00,1.00
2017.09.10 23:28:45.200,1.13831,1.13846,1.50,1.00
2017.09.10 23:28:51.607,1.1383,1.13845,1.50,1.00
2017.09.10 23:28:54.190,1.13828,1.1384,1.00,1.00
2017.09.10 23:28:54.394,1.13826,1.13841,1.00,1.00
2017.09.10 23:28:55.128,1.13827,1.13841,1.00,1.00
2017.09.10 23:29:01.723,1.13826,1.13841,2.25,1.00
2017.09.10 23:29:02.265,1.13826,1.1384,1.00,1.00
2017.09.10 23:29:11.362,1.13826,1.13839,1.00,1.00
2017.09.10 23:29:21.739,1.13824,1.13839,3.19,1.00
2017.09.10 23:30:00.362,1.13824,1.13841,1.19,1.00
2017.09.10 23:30:00.413,1.13824,1.13839,1.19,1.00
2017.09.10 23:30:00.718,1.13828,1.13841,1.00,1.00
2017.09.10 23:30:00.973,1.13827,1.13843,1.00,1.00
2017.09.10 23:30:01.133,1.13829,1.13843,1.00,1.00
2017.09.10 23:30:01.689,1.13828,1.13843,2.25,1.00
2017.09.10 23:30:16.948,1.13828,1.13844,1.00,1.00
2017.09.10 23:30:17.457,1.13827,1.13843,2.25,1.00
2017.09.10 23:30:18.000,1.13828,1.13843,1.00,1.00
2017.09.10 23:30:19.540,1.1383,1.13845,1.00,1.00
2017.09.10 23:30:26.766,1.13826,1.13844,1.50,1.50
2017.09.10 23:30:26.818,1.13826,1.13841,2.25,1.00
2017.09.10 23:30:27.119,1.13829,1.13843,1.00,1.00
2017.09.10 23:30:28.017,1.13828,1.13842,1.50,1.00
2017.09.10 23:30:28.581,1.13828,1.13843,1.00,1.00
2017.09.10 23:30:29.294,1.13827,1.13843,1.00,1.00
2017.09.10 23:30:29.603,1.1383,1.13846,1.00,1.69
2017.09.10 23:30:30.150,1.1383,1.13847,1.00,1.75
2017.09.10 23:30:51.220,1.13829,1.13844,1.00,1.00
2017.09.10 23:30:51.324,1.13826,1.13844,2.25,1.00
2017.09.10 23:30:51.477,1.13828,1.13845,1.50,1.00
2017.09.10 23:30:51.579,1.13826,1.13844,1.50,1.00
2017.09.10 23:30:51.681,1.13828,1.13844,1.00,1.00
2017.09.10 23:30:54.525,1.13827,1.13842,1.00,1.00
2017.09.10 23:30:54.678,1.13827,1.13844,1.00,1.50
2017.09.10 23:30:55.219,1.13828,1.13844,1.00,1.50
2017.09.10 23:31:04.788,1.13829,1.13844,1.00,1.00
2017.09.10 23:31:15.596,1.1383,1.13846,1.00,1.00
2017.09.10 23:31:15.699,1.13832,1.13846,1.00,1.00
2017.09.10 23:31:16.219,1.13831,1.13846,1.00,1.00
2017.09.10 23:31:17.334,1.13832,1.13846,1.00,1.00
2017.09.10 23:31:17.436,1.13832,1.13848,1.00,2.44
2017.09.10 23:31:17.805,1.1383,1.13846,1.00,1.00
2017.09.10 23:31:20.652,1.13828,1.13844,1.50,1.00
2017.09.10 23:31:20.959,1.13827,1.13842,1.00,1.00
2017.09.10 23:31:26.389,1.13828,1.13842,1.00,1.00
2017.09.10 23:31:26.907,1.13829,1.13843,1.00,1.00
2017.09.10 23:31:30.142,1.13829,1.13844,1.50,1.00
2017.09.10 23:31:30.691,1.13825,1.13842,3.75,1.00
2017.09.10 23:31:30.793,1.13828,1.13843,1.00,1.00
2017.09.10 23:31:30.844,1.13826,1.13843,1.00,1.00
2017.09.10 23:31:30.896,1.13828,1.13843,1.00,1.00
2017.09.10 23:31:30.947,1.13826,1.13843,1.00,1.00
2017.09.10 23:31:31.049,1.13828,1.13843,1.00,1.00
2017.09.10 23:31:33.283,1.13828,1.13842,1.00,1.00
2017.09.10 23:31:33.492,1.13826,1.13842,1.00,1.00
2017.09.10 23:31:33.645,1.13828,1.13842,1.00,1.00
2017.09.10 23:31:33.881,1.13829,1.13844,1.50,1.00
2017.09.10 23:31:33.933,1.13832,1.13844,1.00,1.00
2017.09.10 23:31:34.140,1.13832,1.13846,1.00,1.00
2017.09.10 23:31:34.587,1.13834,1.13847,1.00,1.00
2017.09.10 23:31:37.457,1.13833,1.13846,1.00,1.00
2017.09.10 23:31:39.690,1.13832,1.13847,1.00,1.00
2017.09.10 23:31:40.310,1.13832,1.13848,1.50,1.50
2017.09.10 23:31:40.838,1.13832,1.13847,1.00,1.00
2017.09.10 23:31:41.451,1.13831,1.13846,1.00,1.00
2017.09.10 23:31:42.721,1.1383,1.13846,1.00,1.00
2017.09.10 23:31:42.823,1.13828,1.13845,1.00,1.00
2017.09.10 23:31:42.925,1.1383,1.13845,1.00,1.00
2017.09.10 23:31:43.433,1.13829,1.13845,1.00,1.00
2017.09.10 23:31:43.739,1.13829,1.13843,1.00,1.00
2017.09.10 23:31:44.342,1.1383,1.13844,1.00,1.00
2017.09.10 23:31:52.191,1.1383,1.13843,1.00,1.00
2017.09.10 23:31:52.785,1.1383,1.13844,1.00,1.00
2017.09.10 23:31:55.121,1.13828,1.13841,1.00,1.00
2017.09.10 23:31:55.223,1.13829,1.13844,1.50,1.00
2017.09.10 23:31:55.768,1.1383,1.13845,1.00,1.00
2017.09.10 23:31:56.365,1.13829,1.13844,1.00,1.00
2017.09.10 23:32:00.128,1.13828,1.13843,1.50,1.00
2017.09.10 23:32:01.068,1.13827,1.1384,1.00,1.00
2017.09.10 23:32:01.223,1.13827,1.13842,1.69,1.00
2017.09.10 23:32:01.755,1.13828,1.13841,1.00,1.00
2017.09.10 23:32:04.062,1.13829,1.13841,1.00,1.00
2017.09.10 23:32:04.267,1.1383,1.13843,1.00,1.00
2017.09.10 23:32:04.895,1.13831,1.13844,1.00,1.00
2017.09.10 23:32:08.349,1.13831,1.13845,1.00,1.00
2017.09.10 23:32:10.140,1.1383,1.13845,1.00,1.00
2017.09.10 23:32:10.446,1.1383,1.13843,1.00,1.00
2017.09.10 23:32:11.849,1.13829,1.13842,1.50,1.00
2017.09.10 23:32:18.653,1.13825,1.13842,1.00,1.00
2017.09.10 23:32:18.704,1.13829,1.13842,1.00,1.00
2017.09.10 23:32:18.909,1.13826,1.13842,1.00,1.00
2017.09.10 23:32:18.961,1.13829,1.13842,1.00,1.00
2017.09.10 23:32:21.216,1.13828,1.13841,1.00,1.00
2017.09.10 23:32:30.503,1.13828,1.13842,1.00,1.00
2017.09.10 23:32:31.109,1.13828,1.13841,1.00,1.00
2017.09.10 23:32:43.350,1.13827,1.13841,1.00,1.00
2017.09.10 23:32:43.864,1.13827,1.1384,1.00,1.00
2017.09.10 23:32:44.170,1.13825,1.13838,1.50,1.00
2017.09.10 23:32:44.221,1.13825,1.1384,1.00,1.00
2017.09.10 23:32:44.323,1.13827,1.1384,1.00,1.00
2017.09.10 23:32:44.425,1.13825,1.1384,1.00,1.00
2017.09.10 23:32:44.978,1.13826,1.1384,1.00,1.00
2017.09.10 23:32:45.513,1.13826,1.13839,1.00,1.00
2017.09.10 23:32:46.319,1.13826,1.13838,1.00,1.00
2017.09.10 23:32:46.876,1.13825,1.13837,1.25,1.00
2017.09.10 23:32:48.714,1.13826,1.13838,1.00,1.00
2017.09.10 23:32:48.816,1.13826,1.13836,1.00,1.00
2017.09.10 23:32:48.868,1.13826,1.13839,1.00,1.50
2017.09.10 23:32:48.970,1.13823,1.13839,1.00,1.00
2017.09.10 23:32:49.073,1.13826,1.13839,1.00,1.00
2017.09.10 23:32:49.175,1.13823,1.13839,1.00,1.00
2017.09.10 23:32:49.388,1.13826,1.13838,1.00,1.00
2017.09.10 23:32:51.298,1.13826,1.13839,1.00,1.00
2017.09.10 23:32:51.833,1.13826,1.13838,1.00,1.00
2017.09.10 23:32:52.150,1.13824,1.13838,1.69,1.00
2017.09.10 23:32:54.728,1.13823,1.13836,1.00,1.00
2017.09.10 23:32:54.882,1.13823,1.13839,1.00,1.00
2017.09.10 23:32:54.985,1.13826,1.13838,1.00,1.00
2017.09.10 23:32:55.087,1.13824,1.13838,1.00,1.00
2017.09.10 23:32:55.595,1.13825,1.13838,1.00,1.00
2017.09.10 23:32:56.145,1.13826,1.13838,1.00,1.00
2017.09.10 23:32:57.125,1.13827,1.13839,1.00,1.00
2017.09.10 23:32:58.094,1.13826,1.13839,1.00,1.00
2017.09.10 23:33:14.126,1.13827,1.13839,1.00,1.00
2017.09.10 23:33:15.833,1.13826,1.13839,2.25,1.00
2017.09.10 23:33:25.073,1.13827,1.13841,2.25,1.00
2017.09.10 23:33:25.437,1.13829,1.13841,1.00,1.00
2017.09.10 23:33:26.047,1.13829,1.13842,1.00,1.00
2017.09.10 23:33:29.183,1.13828,1.13842,1.50,1.00
2017.09.10 23:33:31.713,1.13828,1.13844,1.50,1.00
2017.09.10 23:33:35.514,1.13828,1.13843,1.00,1.00
2017.09.10 23:33:48.756,1.13826,1.13839,1.00,1.00
2017.09.10 23:33:48.807,1.13826,1.13841,1.50,1.50
2017.09.10 23:33:48.910,1.13824,1.13842,1.50,1.00
2017.09.10 23:33:49.024,1.13827,1.13841,1.00,1.00
2017.09.10 23:33:49.076,1.13825,1.13841,1.00,1.00
2017.09.10 23:33:49.178,1.13828,1.13842,1.00,1.00
2017.09.10 23:33:50.150,1.13827,1.13842,1.25,1.00
2017.09.10 23:33:50.669,1.13828,1.13843,1.00,1.00
2017.09.10 23:33:51.447,1.13827,1.13842,1.00,1.00
2017.09.10 23:33:51.499,1.13825,1.13842,1.50,1.00
2017.09.10 23:33:51.550,1.13828,1.13842,1.50,1.00
2017.09.10 23:33:51.653,1.13825,1.13842,1.50,1.00
2017.09.10 23:33:51.756,1.13828,1.13842,1.00,1.00
2017.09.10 23:33:52.769,1.13827,1.13842,1.00,1.00
2017.09.10 23:33:55.856,1.13824,1.13836,1.50,1.00
2017.09.10 23:33:55.908,1.13824,1.13838,1.00,1.00
2017.09.10 23:33:56.010,1.13827,1.13839,1.00,1.50
2017.09.10 23:33:56.112,1.13827,1.13841,1.00,1.00
2017.09.10 23:33:56.824,1.13827,1.13839,1.00,1.00
2017.09.10 23:33:56.977,1.13825,1.1384,1.00,1.00
2017.09.10 23:33:57.486,1.13825,1.13839,1.00,1.00
2017.09.10 23:33:58.948,1.13826,1.13839,1.00,1.00
2017.09.10 23:33:59.599,1.13825,1.13839,1.00,1.00
2017.09.10 23:34:00.691,1.13825,1.1384,1.00,1.00
2017.09.10 23:34:02.349,1.13826,1.1384,1.00,1.00
2017.09.10 23:34:02.898,1.13825,1.1384,1.50,1.00
2017.09.10 23:34:03.940,1.13825,1.13842,2.25,1.00
2017.09.10 23:34:06.979,1.13826,1.13842,1.00,1.00
2017.09.10 23:34:11.662,1.13826,1.13843,1.50,1.00
2017.09.10 23:34:14.774,1.13826,1.13842,1.00,1.00
2017.09.10 23:34:16.140,1.13827,1.13843,1.00,1.50
2017.09.10 23:34:17.910,1.13827,1.13844,1.00,1.50
2017.09.10 23:34:31.930,1.13828,1.13844,1.00,1.00
2017.09.10 23:34:32.618,1.13829,1.13845,1.00,1.00
2017.09.10 23:34:32.858,1.13826,1.13841,1.00,1.00
2017.09.10 23:34:33.215,1.13826,1.13843,2.25,1.50
2017.09.10 23:34:33.521,1.13828,1.13844,1.00,1.50
2017.09.10 23:34:40.013,1.13829,1.13845,1.00,1.50
2017.09.10 23:34:42.040,1.13828,1.13845,1.50,1.50
2017.09.10 23:34:49.635,1.13829,1.13845,1.00,1.50
2017.09.10 23:34:50.979,1.13828,1.13845,1.50,1.50
2017.09.10 23:34:52.513,1.13829,1.13845,1.00,1.50
2017.09.10 23:35:00.575,1.13828,1.13845,1.50,1.50
2017.09.10 23:35:00.879,1.13827,1.13843,1.00,1.00
2017.09.10 23:35:05.483,1.13828,1.13843,1.00,1.00
2017.09.10 23:35:05.891,1.13826,1.13843,1.50,1.00
2017.09.10 23:35:06.044,1.13828,1.13842,1.00,1.00
2017.09.10 23:35:06.555,1.13828,1.13843,1.50,1.00
2017.09.10 23:35:11.729,1.13826,1.13842,1.69,1.00
2017.09.10 23:35:11.781,1.13828,1.1384,1.00,1.00
2017.09.10 23:35:11.834,1.13826,1.13841,2.25,1.00
2017.09.10 23:35:12.358,1.13828,1.13844,1.00,1.00
2017.09.10 23:35:21.262,1.13829,1.13845,1.00,1.00
2017.09.10 23:35:21.915,1.1383,1.13846,1.00,1.00
2017.09.10 23:35:24.773,1.13831,1.13846,1.00,1.00
2017.09.10 23:35:25.547,1.13831,1.13845,1.00,1.00
2017.09.10 23:35:28.177,1.13831,1.13846,1.00,1.00
2017.09.10 23:35:31.789,1.13833,1.13847,1.00,1.00
2017.09.10 23:35:31.840,1.13831,1.13847,1.00,1.00
2017.09.10 23:35:32.586,1.13833,1.13847,1.00,1.00
2017.09.10 23:35:32.905,1.13835,1.13849,1.00,1.50
2017.09.10 23:35:34.704,1.13833,1.13849,1.00,1.00
2017.09.10 23:35:36.140,1.13832,1.13849,1.00,2.25
2017.09.10 23:35:36.752,1.13831,1.13849,1.00,2.25
2017.09.10 23:35:37.299,1.13831,1.13848,1.00,1.00
2017.09.10 23:35:41.359,1.13832,1.13848,1.00,1.00
2017.09.10 23:35:42.155,1.13831,1.13848,1.00,1.50
2017.09.10 23:35:42.308,1.13831,1.13846,1.00,1.00
2017.09.10 23:35:42.860,1.1383,1.13846,1.00,1.00
2017.09.10 23:35:47.309,1.13828,1.13845,1.00,1.50
2017.09.10 23:35:47.820,1.13829,1.13846,1.00,1.00
2017.09.10 23:35:48.335,1.13829,1.13845,1.00,1.50
2017.09.10 23:35:49.359,1.13829,1.13846,1.50,1.00
2017.09.10 23:35:54.661,1.1383,1.13847,1.00,1.50
2017.09.10 23:35:54.763,1.13829,1.13845,1.00,1.00
2017.09.10 23:35:54.916,1.1383,1.13847,1.00,1.00
2017.09.10 23:35:56.624,1.13829,1.13846,1.00,1.50
2017.09.10 23:35:57.666,1.13828,1.13846,1.50,1.50
2017.09.10 23:35:58.398,1.13829,1.13846,1.00,1.50
2017.09.10 23:35:58.950,1.13826,1.13842,1.00,1.00
2017.09.10 23:35:59.882,1.13825,1.13842,1.50,1.00
2017.09.10 23:36:00.393,1.13826,1.13843,1.00,1.50
2017.09.10 23:36:01.205,1.13823,1.1384,1.50,1.00
2017.09.10 23:36:01.730,1.13824,1.1384,1.00,1.00
2017.09.10 23:36:02.821,1.13823,1.1384,1.00,1.50
2017.09.10 23:36:03.026,1.13821,1.13839,1.50,1.00
2017.09.10 23:36:03.231,1.13823,1.13839,1.00,1.00
2017.09.10 23:36:04.273,1.13823,1.13841,2.25,1.50
2017.09.10 23:36:04.427,1.13826,1.13841,1.00,1.00
2017.09.10 23:36:04.963,1.13825,1.13841,1.00,1.00
2017.09.10 23:36:11.253,1.13825,1.1384,1.00,1.00
2017.09.10 23:36:11.884,1.13825,1.13841,1.00,1.00
2017.09.10 23:36:16.697,1.13824,1.13841,1.50,1.00
2017.09.10 23:36:17.220,1.13825,1.13841,1.50,1.00
2017.09.10 23:36:21.000,1.13824,1.13841,1.00,1.00
2017.09.10 23:36:21.307,1.13823,1.13839,1.00,1.00
2017.09.10 23:36:46.656,1.13823,1.13838,1.50,1.00
2017.09.10 23:36:46.707,1.13824,1.1384,1.00,1.00
2017.09.10 23:36:55.071,1.13824,1.13841,1.00,1.50
2017.09.10 23:36:55.607,1.13824,1.1384,1.00,1.00
2017.09.10 23:36:56.830,1.13825,1.13842,1.50,1.00
2017.09.10 23:36:57.034,1.13827,1.13843,1.00,1.00
2017.09.10 23:36:57.560,1.13826,1.13843,1.50,1.00
2017.09.10 23:36:58.072,1.13827,1.13844,1.50,2.25
2017.09.10 23:37:01.165,1.13827,1.13842,1.00,1.00
2017.09.10 23:37:01.267,1.13825,1.13842,1.00,1.50
2017.09.10 23:37:01.799,1.13825,1.13841,1.00,1.00
2017.09.10 23:37:02.303,1.13825,1.1384,1.00,1.00
2017.09.10 23:37:02.941,1.13824,1.1384,1.50,1.00
2017.09.10 23:37:14.097,1.13823,1.13839,1.00,1.00
2017.09.10 23:37:14.630,1.13822,1.13839,1.00,1.00
2017.09.10 23:37:15.328,1.13823,1.13839,1.00,1.00
2017.09.10 23:37:17.507,1.13822,1.13838,1.00,1.50
2017.09.10 23:37:18.018,1.13822,1.13839,2.25,1.00
2017.09.10 23:37:18.376,1.13824,1.13839,1.00,1.00
2017.09.10 23:37:18.584,1.13822,1.13839,1.50,2.25
2017.09.10 23:37:20.159,1.13824,1.13839,1.50,1.00
2017.09.10 23:37:27.613,1.13824,1.1384,2.44,1.00
2017.09.10 23:37:28.163,1.13825,1.13841,1.00,1.00
2017.09.10 23:37:28.700,1.13824,1.13841,2.25,3.00
2017.09.10 23:37:29.246,1.13824,1.1384,1.50,1.00
2017.09.10 23:37:29.964,1.13824,1.13841,2.25,3.19
2017.09.10 23:37:34.554,1.13824,1.1384,1.50,1.00
2017.09.10 23:37:35.064,1.13824,1.13839,1.00,1.00
2017.09.10 23:37:39.071,1.13822,1.13838,1.00,1.50
2017.09.10 23:37:39.580,1.13824,1.13838,1.00,1.00
2017.09.10 23:37:40.108,1.13824,1.13839,1.50,1.00
2017.09.10 23:37:42.306,1.13824,1.1384,2.44,1.50
2017.09.10 23:37:42.612,1.13826,1.13842,1.00,2.25
2017.09.10 23:37:43.263,1.13827,1.13842,1.00,2.25
2017.09.10 23:37:44.041,1.13827,1.13841,1.00,1.00
2017.09.10 23:37:44.567,1.13825,1.13838,1.00,1.00
2017.09.10 23:37:45.448,1.13824,1.13837,1.50,1.00
2017.09.10 23:37:45.952,1.13824,1.13836,1.00,1.00
2017.09.10 23:37:46.537,1.13821,1.13833,1.00,1.00
2017.09.10 23:37:47.048,1.13822,1.13834,1.00,1.00
2017.09.10 23:37:47.253,1.13823,1.13836,1.00,1.00
2017.09.10 23:37:54.202,1.13822,1.13835,1.00,1.00
2017.09.10 23:37:57.295,1.13823,1.13835,1.00,1.00
2017.09.10 23:37:57.601,1.13826,1.13838,1.00,1.00
2017.09.10 23:37:58.001,1.13822,1.13838,1.00,1.00
2017.09.10 23:37:58.357,1.13825,1.13838,1.00,1.00
2017.09.10 23:37:58.612,1.13823,1.13837,1.00,1.00
2017.09.10 23:37:59.120,1.13824,1.13837,1.00,1.00
2017.09.10 23:38:06.184,1.13821,1.13835,1.69,1.00
2017.09.10 23:38:06.304,1.13824,1.13833,1.00,1.00
2017.09.10 23:38:06.356,1.13822,1.13834,1.00,1.00
2017.09.10 23:38:06.459,1.13824,1.13835,1.00,1.00
2017.09.10 23:38:06.561,1.1382,1.13836,1.50,1.00
2017.09.10 23:38:06.765,1.13823,1.13836,1.00,1.00
2017.09.10 23:38:09.103,1.13823,1.13835,1.00,1.00
2017.09.10 23:38:09.157,1.13819,1.13835,2.25,1.00
2017.09.10 23:38:09.208,1.13822,1.13836,1.00,1.00
2017.09.10 23:38:09.711,1.13823,1.13836,1.00,1.00
2017.09.10 23:38:10.899,1.13822,1.13835,1.00,1.00
2017.09.10 23:38:11.420,1.13822,1.13834,1.00,1.00
2017.09.10 23:38:11.929,1.13823,1.13834,1.00,1.00
2017.09.10 23:38:14.250,1.1382,1.1383,1.00,1.00
2017.09.10 23:38:14.404,1.13821,1.13832,1.00,1.00
2017.09.10 23:38:14.930,1.13821,1.13833,1.00,1.00
2017.09.10 23:38:24.774,1.13818,1.13833,1.00,1.00
2017.09.10 23:38:24.927,1.13821,1.13833,1.00,1.00
2017.09.10 23:38:30.450,1.1382,1.13833,1.25,1.00
2017.09.10 23:38:34.299,1.13821,1.13833,1.00,1.00
2017.09.10 23:38:34.504,1.13822,1.13835,1.00,1.00
2017.09.10 23:38:34.888,1.13822,1.13837,2.25,1.00
2017.09.10 23:38:35.422,1.13823,1.13837,1.00,1.00
2017.09.10 23:38:35.931,1.13824,1.13837,1.50,1.00
2017.09.10 23:38:37.336,1.13824,1.13836,1.50,1.00
2017.09.10 23:38:37.387,1.13822,1.13835,1.00,1.00
2017.09.10 23:38:39.800,1.13823,1.13835,1.00,1.00
2017.09.10 23:38:42.314,1.13825,1.13836,1.00,1.00
2017.09.10 23:38:42.366,1.13823,1.13836,1.00,1.00
2017.09.10 23:38:42.417,1.13825,1.13837,1.00,1.00
2017.09.10 23:38:42.522,1.13823,1.13836,1.25,1.00
2017.09.10 23:38:43.033,1.13823,1.13835,2.25,1.00
2017.09.10 23:38:43.392,1.13827,1.13843,1.00,1.50
2017.09.10 23:38:43.548,1.13832,1.13848,1.50,1.00
2017.09.10 23:38:43.866,1.13835,1.13846,1.00,1.00
2017.09.10 23:38:43.918,1.13832,1.13846,1.69,1.00
2017.09.10 23:38:44.428,1.13832,1.13845,1.50,1.00
2017.09.10 23:38:45.679,1.13832,1.13845,1.44,1.00
2017.09.10 23:38:46.221,1.13832,1.13846,1.44,1.00
2017.09.10 23:38:47.635,1.13834,1.13846,1.00,1.00
2017.09.10 23:38:47.687,1.13832,1.13848,3.37,1.00
2017.09.10 23:38:47.840,1.13835,1.13848,1.00,1.00
2017.09.10 23:38:47.943,1.13833,1.13848,1.69,1.00
2017.09.10 23:38:49.894,1.13835,1.13848,1.00,1.00
2017.09.10 23:38:56.853,1.13835,1.1385,1.00,1.00
2017.09.10 23:39:13.148,1.13839,1.13851,1.00,1.00
2017.09.10 23:39:13.199,1.13837,1.13851,1.00,1.00
2017.09.10 23:39:13.711,1.13836,1.1385,1.00,1.00
2017.09.10 23:39:16.359,1.13837,1.13852,1.25,1.00
2017.09.10 23:39:16.666,1.13839,1.13853,1.00,1.00
2017.09.10 23:39:16.717,1.13837,1.13853,1.69,1.00
2017.09.10 23:39:18.035,1.13838,1.13853,1.25,1.00
2017.09.10 23:39:19.883,1.13837,1.13852,1.87,1.00
2017.09.10 23:39:20.391,1.13836,1.13852,1.87,1.00
2017.09.10 23:39:21.007,1.13835,1.13852,2.44,1.00
2017.09.10 23:39:21.059,1.13835,1.1385,1.69,1.00
2017.09.10 23:39:24.128,1.13834,1.13849,1.44,1.00
2017.09.10 23:39:27.170,1.13834,1.1385,1.87,1.00
2017.09.10 23:39:28.375,1.13834,1.13851,1.50,1.00
2017.09.10 23:39:28.959,1.13835,1.1385,1.00,1.00
2017.09.10 23:39:29.768,1.13834,1.1385,1.69,1.00
2017.09.10 23:39:30.104,1.13834,1.13848,1.00,1.00
2017.09.10 23:39:32.500,1.13835,1.13848,1.00,1.00
2017.09.10 23:39:35.029,1.13834,1.13848,1.00,1.00
2017.09.10 23:39:35.560,1.13835,1.13849,1.50,1.00
2017.09.10 23:39:35.937,1.13837,1.1385,1.00,1.00
2017.09.10 23:39:36.218,1.13835,1.13851,1.00,1.00
2017.09.10 23:39:36.269,1.13836,1.13853,1.50,1.00
2017.09.10 23:39:36.422,1.13838,1.13852,1.50,1.00
2017.09.10 23:39:36.627,1.13838,1.13855,4.69,1.50
2017.09.10 23:39:36.833,1.1384,1.13855,1.00,1.50
2017.09.10 23:39:37.160,1.13842,1.13855,1.00,2.25
2017.09.10 23:39:43.022,1.1384,1.13855,3.75,1.50
2017.09.10 23:39:43.532,1.13841,1.13855,1.00,1.50
2017.09.10 23:39:44.196,1.13842,1.13855,1.00,1.50
2017.09.10 23:39:45.031,1.13843,1.13855,1.00,1.50
2017.09.10 23:39:45.185,1.13843,1.13857,1.00,1.00
2017.09.10 23:39:45.236,1.13846,1.13859,1.00,1.50
2017.09.10 23:39:45.697,1.13847,1.13861,1.00,1.50
2017.09.10 23:39:45.799,1.13848,1.13858,1.00,1.00
2017.09.10 23:39:46.014,1.13848,1.1386,1.00,1.50
2017.09.10 23:39:46.522,1.13848,1.13859,1.00,1.50
2017.09.10 23:39:47.065,1.13847,1.13859,1.00,1.50
2017.09.10 23:39:50.532,1.13846,1.13859,1.00,2.25
2017.09.10 23:39:51.037,1.13847,1.13859,1.00,1.50
2017.09.10 23:39:54.719,1.13848,1.1386,1.00,1.00
2017.09.10 23:39:54.974,1.1385,1.13863,1.00,1.00
2017.09.10 23:39:55.481,1.1385,1.13862,1.00,1.00
2017.09.10 23:39:55.634,1.13846,1.13861,2.25,1.00
2017.09.10 23:39:55.686,1.13848,1.13862,1.50,1.25
2017.09.10 23:39:55.998,1.13851,1.13863,1.00,2.25
2017.09.10 23:40:01.654,1.13852,1.13863,1.00,1.00
2017.09.10 23:40:02.262,1.13851,1.13864,1.00,2.25
2017.09.10 23:40:12.390,1.1385,1.13864,1.00,2.25
2017.09.10 23:40:12.696,1.13853,1.13866,1.00,1.57
2017.09.10 23:40:12.747,1.13853,1.13866,1.00,1.00
2017.09.10 23:40:12.995,1.13853,1.13864,1.00,1.50
2017.09.10 23:40:13.511,1.13852,1.13864,1.00,1.50
2017.09.10 23:40:24.176,1.13851,1.13864,1.00,1.50
2017.09.10 23:40:36.863,1.13852,1.13864,1.00,1.50
2017.09.10 23:40:37.196,1.13852,1.13868,1.00,2.32
2017.09.10 23:40:37.794,1.13852,1.13864,1.00,1.50
2017.09.10 23:41:04.343,1.13853,1.13864,1.00,1.50
2017.09.10 23:41:05.181,1.13857,1.13872,1.00,1.57
2017.09.10 23:41:05.232,1.1386,1.13876,1.00,3.94
2017.09.10 23:41:05.283,1.1386,1.13871,1.00,1.50
2017.09.10 23:41:05.335,1.13858,1.1387,1.00,1.50
2017.09.10 23:41:05.437,1.1386,1.13875,1.00,1.57
2017.09.10 23:41:05.642,1.13861,1.13875,1.00,1.69
2017.09.10 23:41:06.392,1.13861,1.13874,1.00,1.50
2017.09.10 23:41:21.845,1.13863,1.13874,1.00,1.50
2017.09.10 23:41:22.274,1.13866,1.1388,1.00,1.69
2017.09.10 23:41:22.784,1.13866,1.13879,1.00,1.50
2017.09.10 23:41:40.624,1.13864,1.13879,1.00,2.25
2017.09.10 23:41:40.777,1.13866,1.13879,1.00,1.50
2017.09.10 23:41:43.293,1.13864,1.13879,1.00,1.50
2017.09.10 23:41:43.986,1.13864,1.13877,1.00,1.00
2017.09.10 23:41:45.743,1.13864,1.13878,1.00,1.00
2017.09.10 23:41:46.049,1.13866,1.13879,1.00,1.50
2017.09.10 23:41:46.388,1.13865,1.13873,1.00,1.00
2017.09.10 23:41:46.897,1.13864,1.13873,1.00,1.00
2017.09.10 23:41:53.981,1.13864,1.13875,1.00,1.00
2017.09.10 23:41:56.949,1.13865,1.13875,1.00,1.00
2017.09.10 23:42:10.596,1.13865,1.13875,1.00,1.37
2017.09.10 23:42:10.647,1.13865,1.13875,1.00,1.00
2017.09.10 23:42:16.867,1.13864,1.13875,1.00,1.37
2017.09.10 23:42:16.967,1.13865,1.13875,1.00,1.00
2017.09.10 23:42:17.476,1.13864,1.13874,1.00,1.00
2017.09.10 23:42:17.631,1.13866,1.13874,1.00,1.00
2017.09.10 23:42:17.885,1.13865,1.13876,1.00,1.00
2017.09.10 23:42:18.090,1.13866,1.13878,1.00,1.25
2017.09.10 23:42:18.668,1.13867,1.13878,1.00,1.25
2017.09.10 23:42:19.203,1.13865,1.13878,1.00,1.25
2017.09.10 23:42:19.758,1.13865,1.13878,1.00,1.19
2017.09.10 23:42:20.526,1.13866,1.13878,1.00,1.62
2017.09.10 23:42:20.577,1.13866,1.13878,1.00,1.25
2017.09.10 23:42:21.078,1.13865,1.13878,1.00,1.19
2017.09.10 23:42:21.932,1.13866,1.13878,1.00,1.19
2017.09.10 23:42:30.071,1.13865,1.13878,1.00,1.19
2017.09.10 23:42:30.173,1.13865,1.13874,1.00,1.00
2017.09.10 23:42:36.259,1.13864,1.13874,1.00,1.00
2017.09.10 23:42:36.927,1.13864,1.13872,1.00,1.00
2017.09.10 23:42:37.440,1.13863,1.13872,1.00,1.00
2017.09.10 23:42:45.048,1.13864,1.13872,1.00,1.00
2017.09.10 23:42:45.660,1.13863,1.13872,1.00,1.00
2017.09.10 23:43:05.184,1.13861,1.13874,1.00,1.87
2017.09.10 23:43:05.393,1.13863,1.13874,6.75,1.50
2017.09.10 23:43:05.445,1.13861,1.13874,1.00,1.87
2017.09.10 23:43:05.657,1.13863,1.13874,11.25,1.50
2017.09.10 23:43:05.708,1.13861,1.13874,1.00,1.87
2017.09.10 23:43:07.463,1.13863,1.13874,32.25,1.50
2017.09.10 23:43:07.515,1.13861,1.13874,1.00,1.87
2017.09.10 23:43:09.346,1.13863,1.13874,27.00,1.50
2017.09.10 23:43:09.448,1.13866,1.13879,1.50,1.00
2017.09.10 23:43:09.550,1.13866,1.13881,1.50,7.50
2017.09.10 23:43:09.704,1.13864,1.13877,1.00,1.69
2017.09.10 23:43:10.010,1.13863,1.13874,1.00,1.50
2017.09.10 23:43:12.299,1.13864,1.13877,1.00,1.69
2017.09.10 23:43:12.415,1.13864,1.13879,1.00,1.50
2017.09.10 23:43:12.671,1.13865,1.13877,1.00,1.50
2017.09.10 23:43:12.977,1.13861,1.13874,1.00,1.50
2017.09.10 23:43:13.944,1.13861,1.13875,1.00,1.00
2017.09.10 23:43:14.470,1.13861,1.13874,1.00,1.00
2017.09.10 23:43:25.640,1.13861,1.13874,1.00,1.37
2017.09.10 23:43:25.743,1.13861,1.13875,1.00,1.00
2017.09.10 23:43:26.728,1.13861,1.13875,1.00,1.37
2017.09.10 23:43:26.780,1.13861,1.13875,1.00,1.00
2017.09.10 23:43:27.327,1.13861,1.13874,1.00,1.00
2017.09.10 23:43:36.412,1.13857,1.13873,1.00,1.87
2017.09.10 23:43:36.923,1.13857,1.13871,1.00,1.00
2017.09.10 23:43:37.438,1.13857,1.1387,1.00,1.50
2017.09.10 23:43:40.457,1.13857,1.13869,1.00,1.50
2017.09.10 23:43:40.610,1.13854,1.13869,1.00,1.87
2017.09.10 23:43:40.911,1.13857,1.13869,3.75,1.50
2017.09.10 23:43:40.963,1.13854,1.13869,1.00,1.87
2017.09.10 23:43:41.131,1.13857,1.13869,6.00,1.50
2017.09.10 23:43:41.233,1.13854,1.13869,1.00,1.87
2017.09.10 23:43:41.462,1.13857,1.13869,9.00,1.50
2017.09.10 23:43:41.612,1.13854,1.13869,1.00,1.87
2017.09.10 23:43:41.910,1.13857,1.13869,10.50,1.50
2017.09.10 23:43:42.441,1.13854,1.13869,1.00,1.87
2017.09.10 23:43:44.371,1.13857,1.13869,18.75,1.50
2017.09.10 23:43:45.131,1.13854,1.13869,1.00,1.87
2017.09.10 23:43:45.416,1.13857,1.13869,21.00,1.50
2017.09.10 23:43:45.620,1.13854,1.13869,1.00,1.87
2017.09.10 23:43:45.671,1.13857,1.13869,21.75,1.50
2017.09.10 23:43:45.722,1.13854,1.13869,1.00,1.87
2017.09.10 23:43:46.110,1.13857,1.13869,24.75,1.50
2017.09.10 23:43:46.521,1.13854,1.13869,1.00,1.87
2017.09.10 23:43:47.128,1.13857,1.13869,27.75,1.50
2017.09.10 23:43:48.064,1.13854,1.13869,1.00,1.87
2017.09.10 23:43:48.192,1.13857,1.13869,29.25,1.50
2017.09.10 23:43:48.382,1.13854,1.13869,1.00,1.87
2017.09.10 23:43:48.434,1.13857,1.13869,30.00,1.50
2017.09.10 23:43:48.485,1.13854,1.13869,1.00,1.87
2017.09.10 23:43:48.537,1.13857,1.13869,30.75,1.50
2017.09.10 23:43:48.690,1.13854,1.13869,1.00,1.87
2017.09.10 23:43:49.004,1.13857,1.13869,32.25,1.50
2017.09.10 23:43:49.282,1.13854,1.13869,1.00,1.87
2017.09.10 23:43:49.808,1.13852,1.13869,1.00,1.87
2017.09.10 23:43:49.859,1.13854,1.13869,1.00,1.87
2017.09.10 23:43:50.309,1.13852,1.13869,1.00,1.87
2017.09.10 23:43:50.418,1.13854,1.13869,1.00,1.87
2017.09.10 23:43:51.651,1.13857,1.13869,51.00,1.50
2017.09.10 23:43:55.267,1.13854,1.13869,1.00,1.87
2017.09.10 23:43:55.574,1.13852,1.13869,1.00,1.87
2017.09.10 23:43:55.676,1.13854,1.13869,1.00,1.87
2017.09.10 23:43:55.919,1.13852,1.13869,1.00,1.87
2017.09.10 23:43:56.431,1.13854,1.13869,1.00,1.87
2017.09.10 23:43:56.482,1.13852,1.13869,1.00,1.87
2017.09.10 23:43:57.885,1.13854,1.13869,1.00,1.87
2017.09.10 23:43:57.936,1.13852,1.13869,1.00,1.87
2017.09.10 23:43:58.038,1.13854,1.13869,1.00,1.87
2017.09.10 23:43:58.196,1.13852,1.13869,1.00,1.87
2017.09.10 23:43:58.491,1.13854,1.13869,1.00,1.87
2017.09.10 23:43:59.294,1.13852,1.13869,1.00,1.87
2017.09.10 23:43:59.553,1.13854,1.13869,1.00,1.87
2017.09.10 23:43:59.848,1.13852,1.13869,1.00,1.87
2017.09.10 23:44:00.153,1.13854,1.13869,1.00,1.87
2017.09.10 23:44:00.255,1.13852,1.13869,1.00,1.87
2017.09.10 23:44:00.454,1.13854,1.13869,1.00,1.87
2017.09.10 23:44:00.710,1.13852,1.13869,1.00,1.87
2017.09.10 23:44:01.053,1.13854,1.13869,1.00,1.87
2017.09.10 23:44:01.296,1.13852,1.13869,1.00,1.87
2017.09.10 23:44:01.399,1.13854,1.13869,1.00,1.87
2017.09.10 23:44:01.450,1.13852,1.13869,1.00,1.87
2017.09.10 23:44:01.778,1.13854,1.13869,1.00,1.87
2017.09.10 23:44:03.420,1.13852,1.13869,1.00,1.87
2017.09.10 23:44:04.312,1.13854,1.13869,1.00,1.87
2017.09.10 23:44:05.433,1.13857,1.13869,126.75,1.50
2017.09.10 23:44:07.004,1.13854,1.13869,1.00,1.87
2017.09.10 23:44:07.131,1.13857,1.13869,117.00,1.50
2017.09.10 23:44:07.928,1.13854,1.13869,1.00,1.87
2017.09.10 23:44:08.053,1.13857,1.13869,118.50,1.50
2017.09.10 23:44:08.206,1.13854,1.13869,1.00,1.87
2017.09.10 23:44:08.313,1.13857,1.13869,120.00,1.50
2017.09.10 23:44:08.607,1.13854,1.13869,1.00,1.87
2017.09.10 23:44:08.760,1.13857,1.13869,122.25,1.50
2017.09.10 23:44:08.876,1.13854,1.13869,1.00,1.87
2017.09.10 23:44:08.927,1.13857,1.13869,123.00,1.50
2017.09.10 23:44:09.233,1.13854,1.13869,1.00,1.87
2017.09.10 23:44:09.382,1.13857,1.13869,124.50,1.50
2017.09.10 23:44:09.790,1.13854,1.13869,1.00,1.87
2017.09.10 23:44:10.121,1.13857,1.13869,126.75,1.50
2017.09.10 23:44:10.438,1.13854,1.13869,1.00,2.62
2017.09.10 23:44:10.746,1.13857,1.13869,128.25,2.25
2017.09.10 23:44:11.046,1.13854,1.13869,1.00,2.62
2017.09.10 23:44:11.312,1.13857,1.13869,130.50,2.25
2017.09.10 23:44:11.414,1.13854,1.13869,1.00,2.62
2017.09.10 23:44:11.675,1.13857,1.13869,133.50,2.25
2017.09.10 23:44:13.077,1.13854,1.13869,1.00,2.62
2017.09.10 23:44:13.128,1.13857,1.13869,134.25,2.25
2017.09.10 23:44:13.406,1.13854,1.13869,1.00,2.62
2017.09.10 23:44:14.596,1.13852,1.13869,1.00,2.62
2017.09.10 23:44:15.194,1.13854,1.13869,1.00,2.62
2017.09.10 23:44:15.879,1.13857,1.13869,145.50,2.25
2017.09.10 23:44:15.930,1.13854,1.13869,1.00,2.62
2017.09.10 23:44:15.982,1.13857,1.13869,1.00,2.25
2017.09.10 23:44:20.398,1.13854,1.13869,1.00,2.62
2017.09.10 23:44:20.721,1.13852,1.13869,1.00,2.62
2017.09.10 23:44:20.862,1.13857,1.13869,21.00,2.25
2017.09.10 23:44:20.913,1.13854,1.13869,1.00,2.62
2017.09.10 23:44:21.340,1.13852,1.13869,1.00,2.62
2017.09.10 23:44:21.442,1.13854,1.13869,1.00,2.62
2017.09.10 23:44:23.132,1.13852,1.13869,1.00,2.62
2017.09.10 23:44:25.349,1.13854,1.13869,1.00,2.62
2017.09.10 23:44:25.962,1.13852,1.13869,1.00,2.62
2017.09.10 23:44:28.929,1.13857,1.13869,132.75,1.50
2017.09.10 23:44:29.529,1.13854,1.13869,1.00,1.87
2017.09.10 23:44:29.921,1.13852,1.13869,1.00,1.87
2017.09.10 23:44:30.754,1.13854,1.13869,1.00,1.87
2017.09.10 23:44:30.805,1.13852,1.13869,1.00,1.87
2017.09.10 23:44:30.856,1.13854,1.13869,1.00,1.87
2017.09.10 23:44:31.132,1.13857,1.13869,45.75,1.50
2017.09.10 23:44:32.085,1.13854,1.13869,1.00,1.87
2017.09.10 23:44:34.093,1.13857,1.13869,54.00,1.50
2017.09.10 23:44:34.144,1.13854,1.13869,1.00,1.87
2017.09.10 23:44:34.348,1.13857,1.13869,57.00,1.50
2017.09.10 23:44:35.253,1.13854,1.13869,1.00,1.87
2017.09.10 23:44:35.304,1.13857,1.13869,57.75,1.50
2017.09.10 23:44:35.654,1.13854,1.13869,1.00,1.87
2017.09.10 23:44:35.706,1.13857,1.13869,58.50,1.50
2017.09.10 23:44:35.992,1.13854,1.13869,1.00,1.87
2017.09.10 23:44:36.382,1.13857,1.13869,61.50,1.50
2017.09.10 23:44:36.680,1.13854,1.13869,1.00,1.87
2017.09.10 23:44:36.791,1.13857,1.13869,63.00,1.50
2017.09.10 23:44:36.842,1.13854,1.13869,1.00,1.87
2017.09.10 23:44:37.382,1.13852,1.13869,1.00,1.87
2017.09.10 23:44:37.748,1.13857,1.13869,86.25,1.50
2017.09.10 23:44:37.799,1.13854,1.13869,1.00,1.87
2017.09.10 23:44:38.382,1.13852,1.13869,1.00,1.87
2017.09.10 23:44:38.861,1.13854,1.13869,1.00,1.87
2017.09.10 23:44:39.418,1.13852,1.13869,1.00,1.87
2017.09.10 23:44:39.739,1.13857,1.13869,78.00,1.50
2017.09.10 23:44:39.993,1.13854,1.13869,1.00,1.87
2017.09.10 23:44:40.145,1.13857,1.13869,80.25,1.50
2017.09.10 23:44:40.399,1.13854,1.13869,1.00,1.87
2017.09.10 23:44:40.451,1.13857,1.13869,81.00,1.50
2017.09.10 23:44:46.654,1.13856,1.13869,1.00,1.50
2017.09.10 23:44:46.859,1.13856,1.13869,1.00,1.87
2017.09.10 23:44:46.910,1.13856,1.13869,1.00,1.50
2017.09.10 23:44:47.267,1.13857,1.13866,1.00,1.00
2017.09.10 23:44:47.539,1.13854,1.13866,2.25,1.00
2017.09.10 23:44:47.897,1.13855,1.13869,1.00,1.37
2017.09.10 23:44:47.948,1.13854,1.13869,2.25,1.00
2017.09.10 23:44:48.052,1.13857,1.1387,1.00,1.37
2017.09.10 23:44:48.154,1.13857,1.13871,1.00,1.00
2017.09.10 23:44:48.205,1.13859,1.13871,1.00,1.12
2017.09.10 23:44:48.926,1.13859,1.1387,1.00,1.00
2017.09.10 23:44:49.409,1.13857,1.1387,1.00,1.00
2017.09.10 23:44:54.536,1.13857,1.13871,1.00,1.00
2017.09.10 23:44:59.654,1.13856,1.1387,1.00,1.00
2017.09.10 23:45:01.329,1.13857,1.1387,1.00,1.50
2017.09.10 23:45:01.846,1.13856,1.1387,1.50,1.00
2017.09.10 23:45:04.742,1.13857,1.1387,1.37,1.00
2017.09.10 23:45:08.887,1.13859,1.1387,1.37,1.00
2017.09.10 23:45:16.448,1.13857,1.1387,1.00,1.37
2017.09.10 23:45:16.499,1.13859,1.1387,1.37,1.12
2017.09.10 23:45:16.703,1.13858,1.13868,1.12,1.00
2017.09.10 23:45:18.114,1.13857,1.13868,1.12,1.00
2017.09.10 23:45:18.627,1.13858,1.13868,1.12,1.00
2017.09.10 23:45:25.964,1.13859,1.13868,1.00,1.00
2017.09.10 23:45:26.361,1.13861,1.13868,1.00,1.00
2017.09.10 23:45:33.501,1.1386,1.13868,1.00,1.00
2017.09.10 23:45:33.556,1.13858,1.13868,1.00,1.00
2017.09.10 23:45:34.069,1.13857,1.13868,1.00,1.00
2017.09.10 23:45:39.172,1.13858,1.13868,1.00,1.00
2017.09.10 23:45:40.371,1.13859,1.13868,1.00,1.00
2017.09.10 23:45:46.534,1.13861,1.13868,1.00,1.00
2017.09.10 23:45:47.089,1.13861,1.1387,1.00,1.00
2017.09.10 23:45:47.244,1.1386,1.13867,1.00,1.00
2017.09.10 23:45:47.551,1.13863,1.13868,1.00,1.00
2017.09.10 23:45:47.603,1.13861,1.13868,1.00,1.00
2017.09.10 23:45:48.059,1.1386,1.1387,1.00,1.00
2017.09.10 23:45:48.418,1.13859,1.13868,1.00,1.00
2017.09.10 23:45:48.775,1.13857,1.13868,1.87,1.00
2017.09.10 23:45:50.076,1.13856,1.13868,1.50,1.00
2017.09.10 23:45:53.819,1.13856,1.13867,1.12,1.00
2017.09.10 23:45:54.962,1.13858,1.13867,1.00,1.00
2017.09.10 23:45:55.482,1.13859,1.13867,1.00,1.00
2017.09.10 23:45:59.619,1.13855,1.13867,1.00,1.00
2017.09.10 23:45:59.670,1.13852,1.13867,1.12,1.69
2017.09.10 23:45:59.772,1.13852,1.13863,1.00,1.00
2017.09.10 23:46:00.282,1.13851,1.13861,1.00,1.00
2017.09.10 23:46:00.587,1.13849,1.13858,1.00,1.00
2017.09.10 23:46:00.944,1.13847,1.13858,1.00,1.50
2017.09.10 23:46:00.995,1.13847,1.13856,1.00,1.00
2017.09.10 23:46:01.098,1.13847,1.13858,1.00,1.50
2017.09.10 23:46:01.296,1.1385,1.13858,1.00,1.00
2017.09.10 23:46:01.603,1.13848,1.13856,1.00,1.00
2017.09.10 23:46:02.114,1.13847,1.13856,1.50,1.00
2017.09.10 23:46:03.952,1.13847,1.13856,1.50,1.37
2017.09.10 23:46:04.096,1.13847,1.13856,1.50,1.00
2017.09.10 23:46:10.739,1.13846,1.13856,1.00,1.12
2017.09.10 23:46:14.250,1.13845,1.13856,1.00,1.00
2017.09.10 23:46:15.441,1.13846,1.13856,1.00,1.00
2017.09.10 23:46:15.895,1.13848,1.13856,1.00,1.00
2017.09.10 23:46:16.049,1.13848,1.13858,1.00,1.00
2017.09.10 23:46:16.393,1.13845,1.13858,1.37,1.37
2017.09.10 23:46:16.444,1.13849,1.13858,1.00,1.00
2017.09.10 23:46:25.041,1.1385,1.13858,1.00,1.00
2017.09.10 23:46:25.606,1.13849,1.13858,1.12,1.00
2017.09.10 23:46:27.252,1.13848,1.13858,1.00,1.00
2017.09.10 23:46:27.354,1.13848,1.13856,1.00,1.00
2017.09.10 23:46:27.685,1.13848,1.13859,1.00,1.00
2017.09.10 23:46:27.736,1.13848,1.13857,1.00,1.12
2017.09.10 23:46:28.271,1.13847,1.13857,1.00,1.00
2017.09.10 23:46:28.629,1.13846,1.13857,1.00,1.37
2017.09.10 23:46:28.680,1.13846,1.13857,1.00,1.00
2017.09.10 23:46:28.876,1.1385,1.13859,1.12,1.00
2017.09.10 23:46:29.182,1.13849,1.13857,1.87,1.00
2017.09.10 23:46:29.233,1.13849,1.1386,1.87,1.00
2017.09.10 23:46:29.285,1.1385,1.13858,1.12,1.00
2017.09.10 23:46:29.592,1.13848,1.13858,1.12,1.00
2017.09.10 23:46:31.005,1.13849,1.13858,1.00,1.00
2017.09.10 23:46:31.706,1.13849,1.1386,1.00,1.00
2017.09.10 23:46:31.897,1.13849,1.13858,1.00,1.00
2017.09.10 23:46:32.225,1.1385,1.1386,1.12,1.00
2017.09.10 23:46:32.736,1.13851,1.1386,1.00,1.00
2017.09.10 23:46:33.276,1.1385,1.13858,1.12,1.00
2017.09.10 23:46:33.328,1.13851,1.1386,1.00,1.00
2017.09.10 23:46:33.481,1.13851,1.13858,1.00,1.00
2017.09.10 23:46:33.532,1.13851,1.1386,1.00,1.00
2017.09.10 23:46:33.737,1.13851,1.13858,1.00,1.00
2017.09.10 23:46:34.134,1.13851,1.1386,1.00,1.00
2017.09.10 23:46:35.623,1.1385,1.1386,1.12,1.37
2017.09.10 23:46:36.132,1.13846,1.1386,1.69,1.37
2017.09.10 23:46:36.183,1.13849,1.1386,9.37,1.00
2017.09.10 23:46:36.285,1.13846,1.1386,1.69,1.37
2017.09.10 23:46:36.427,1.13849,1.1386,24.37,1.00
2017.09.10 23:46:36.479,1.13849,1.13858,1.00,1.12
2017.09.10 23:46:36.632,1.13848,1.1386,1.12,1.00
2017.09.10 23:46:36.684,1.1385,1.1386,1.00,1.37
2017.09.10 23:46:36.787,1.1385,1.13861,1.00,1.00
2017.09.10 23:46:36.890,1.13847,1.13861,1.37,1.37
2017.09.10 23:46:36.942,1.1385,1.13861,1.50,1.00
2017.09.10 23:46:36.993,1.1385,1.13859,1.50,1.00
2017.09.10 23:46:37.299,1.13848,1.13859,1.12,1.12
2017.09.10 23:46:37.401,1.1385,1.13859,1.00,1.00
2017.09.10 23:46:37.503,1.13849,1.13861,1.00,1.00
2017.09.10 23:46:37.656,1.1385,1.13859,1.12,1.00
2017.09.10 23:46:38.182,1.13849,1.13857,1.00,1.00
2017.09.10 23:46:38.285,1.1385,1.13859,1.00,1.12
2017.09.10 23:46:38.337,1.1385,1.13861,1.12,1.00
2017.09.10 23:46:38.389,1.1385,1.13859,1.12,1.00
2017.09.10 23:46:38.796,1.13848,1.13859,1.12,1.00
2017.09.10 23:46:38.898,1.1385,1.13859,1.12,1.00
2017.09.10 23:46:39.000,1.13851,1.13861,1.12,1.00
2017.09.10 23:46:39.052,1.13852,1.13857,1.00,1.00
2017.09.10 23:46:39.154,1.13852,1.13859,1.00,1.00
2017.09.10 23:46:39.367,1.13852,1.13861,1.00,1.00
2017.09.10 23:46:39.921,1.13851,1.13861,1.12,1.00
2017.09.10 23:46:40.470,1.13851,1.13861,1.12,1.37
2017.09.10 23:46:40.572,1.13851,1.13861,1.12,1.00
2017.09.10 23:46:41.062,1.13851,1.13861,1.12,1.37
2017.09.10 23:46:41.228,1.13851,1.13861,1.12,1.00
2017.09.10 23:46:41.399,1.13851,1.13861,1.12,1.37
2017.09.10 23:46:41.793,1.13851,1.13861,1.12,1.00
2017.09.10 23:46:43.103,1.13851,1.13861,1.12,1.37
2017.09.10 23:46:43.246,1.1385,1.13861,1.12,1.00
2017.09.10 23:46:43.349,1.1385,1.13861,1.00,1.37
2017.09.10 23:46:43.400,1.13849,1.13861,1.00,1.00
2017.09.10 23:46:43.556,1.13849,1.13861,1.00,1.37
2017.09.10 23:46:43.862,1.13847,1.13861,1.37,1.37
2017.09.10 23:46:43.963,1.13849,1.13861,2.25,1.12
2017.09.10 23:46:44.065,1.13849,1.13861,2.25,1.37
2017.09.10 23:46:44.117,1.1385,1.13861,1.00,1.00
2017.09.10 23:46:44.219,1.1385,1.13861,1.00,1.37
2017.09.10 23:46:44.270,1.13851,1.13861,1.00,1.00
2017.09.10 23:46:44.373,1.13848,1.13861,1.87,1.37
2017.09.10 23:46:44.424,1.13851,1.13861,1.50,1.00
2017.09.10 23:46:45.113,1.13851,1.13861,1.50,1.37
2017.09.10 23:46:45.376,1.13851,1.13861,1.50,1.00
2017.09.10 23:46:50.507,1.13848,1.13861,1.87,1.37
2017.09.10 23:46:50.609,1.13851,1.13861,13.69,1.12
2017.09.10 23:46:51.035,1.13848,1.13861,1.87,1.37
2017.09.10 23:46:51.204,1.13851,1.13861,13.50,1.00
2017.09.10 23:46:51.307,1.1385,1.13861,9.00,1.37
2017.09.10 23:46:51.530,1.1385,1.13861,36.00,1.00
2017.09.10 23:46:51.632,1.1385,1.13861,36.00,1.37
2017.09.10 23:46:51.819,1.1385,1.13861,54.00,1.00
2017.09.10 23:46:52.083,1.1385,1.13861,54.00,1.37
2017.09.10 23:46:52.266,1.1385,1.13861,1.00,1.00
2017.09.10 23:46:52.369,1.13849,1.13861,1.00,1.37
2017.09.10 23:46:52.676,1.13846,1.13858,1.37,1.37
2017.09.10 23:46:52.728,1.13848,1.13858,2.25,1.00
2017.09.10 23:46:53.625,1.13848,1.13858,2.25,1.37
2017.09.10 23:46:53.877,1.13848,1.13858,2.25,1.00
2017.09.10 23:46:54.532,1.13847,1.13858,1.00,1.37
2017.09.10 23:46:55.040,1.13847,1.13858,1.00,1.00
2017.09.10 23:46:55.142,1.13847,1.13858,1.00,1.37
2017.09.10 23:46:55.339,1.13847,1.13858,1.00,1.00
2017.09.10 23:46:56.317,1.13847,1.13858,1.00,1.37
2017.09.10 23:46:57.522,1.13843,1.13858,1.00,1.37
2017.09.10 23:46:59.082,1.13841,1.13858,85.69,1.37
2017.09.10 23:46:59.337,1.13847,1.13858,144.00,1.00
2017.09.10 23:46:59.896,1.13847,1.13858,144.00,1.37
2017.09.10 23:47:00.217,1.13843,1.13858,1.00,1.37
2017.09.10 23:47:00.494,1.13847,1.13858,182.81,1.00
2017.09.10 23:47:00.596,1.13847,1.13858,180.37,1.37
2017.09.10 23:47:01.091,1.13843,1.13858,1.00,1.37
2017.09.10 23:47:01.329,1.13847,1.13858,245.44,1.00
2017.09.10 23:47:01.790,1.13847,1.13858,245.44,1.37
2017.09.10 23:47:02.203,1.13843,1.13858,1.00,1.37
2017.09.10 23:47:05.142,1.13841,1.13858,1.00,1.37
2017.09.10 23:47:05.707,1.13847,1.13858,384.75,1.00
2017.09.10 23:47:07.443,1.13847,1.13858,375.75,1.37
2017.09.10 23:47:07.813,1.13843,1.13858,351.00,1.37
2017.09.10 23:47:07.864,1.13845,1.13858,1.37,1.00
2017.09.10 23:47:08.342,1.13845,1.13858,1.37,1.37
2017.09.10 23:47:08.760,1.13843,1.13858,366.00,1.37
2017.09.10 23:47:09.090,1.13845,1.13858,1.37,1.00
2017.09.10 23:47:09.756,1.13845,1.13858,1.37,1.37
2017.09.10 23:47:10.085,1.13843,1.13858,383.25,1.37
2017.09.10 23:47:10.238,1.13845,1.13858,1.37,1.00
2017.09.10 23:47:10.613,1.13845,1.13858,1.37,1.37
2017.09.10 23:47:10.766,1.13845,1.13858,1.37,1.00
2017.09.10 23:47:11.128,1.13845,1.13858,1.37,1.37
2017.09.10 23:47:11.441,1.13843,1.13858,421.50,1.37
2017.09.10 23:47:12.439,1.13841,1.13858,1.00,1.37
2017.09.10 23:47:13.758,1.13845,1.13858,1.37,1.00
2017.09.10 23:47:13.912,1.13845,1.13858,1.37,1.37
2017.09.10 23:47:14.065,1.13845,1.13858,1.37,1.00
2017.09.10 23:47:14.168,1.13845,1.13858,1.37,1.37
2017.09.10 23:47:14.414,1.13845,1.13858,1.37,1.00
2017.09.10 23:47:14.516,1.13845,1.13858,1.37,1.37
2017.09.10 23:47:14.861,1.13843,1.13858,572.25,1.37
2017.09.10 23:47:14.964,1.13845,1.13858,1.37,1.00
2017.09.10 23:47:15.173,1.13845,1.13858,1.37,1.37
2017.09.10 23:47:15.342,1.13845,1.13858,1.37,1.00
2017.09.10 23:47:15.444,1.13845,1.13858,1.37,1.37
2017.09.10 23:47:16.046,1.13843,1.13858,594.75,1.37
2017.09.10 23:47:16.352,1.13845,1.13858,1.37,1.00
2017.09.10 23:47:16.832,1.13845,1.13858,1.37,1.37
2017.09.10 23:47:17.142,1.13843,1.13858,609.75,1.37
2017.09.10 23:47:17.452,1.13845,1.13858,1.37,1.00
2017.09.10 23:47:17.981,1.13845,1.13858,1.37,1.37
2017.09.10 23:47:18.338,1.13843,1.13858,654.75,1.37
2017.09.10 23:47:18.665,1.13841,1.13858,674.62,1.37
2017.09.10 23:47:20.632,1.13845,1.13858,1.37,1.00
2017.09.10 23:47:21.130,1.13845,1.13858,1.37,1.37
2017.09.10 23:47:21.662,1.13843,1.13858,733.50,1.37
2017.09.10 23:47:22.281,1.13845,1.13858,1.37,1.00
2017.09.10 23:47:22.332,1.13845,1.13858,1.37,1.37
2017.09.10 23:47:22.631,1.13845,1.13858,1.37,1.00
2017.09.10 23:47:22.832,1.13845,1.13858,1.37,1.37
2017.09.10 23:47:23.403,1.13843,1.13858,763.50,1.37
2017.09.10 23:47:23.578,1.13845,1.13858,1.37,1.00
2017.09.10 23:47:23.812,1.13845,1.13858,1.37,1.37
2017.09.10 23:47:25.247,1.13843,1.13858,778.50,1.37
2017.09.10 23:47:26.292,1.13845,1.13858,1.37,1.00
2017.09.10 23:47:26.893,1.13845,1.13858,1.37,1.37
2017.09.10 23:47:27.301,1.13841,1.13858,812.44,1.37
2017.09.10 23:47:27.597,1.13845,1.13858,1.37,1.00
2017.09.10 23:47:35.915,1.13845,1.13858,1.37,1.37
2017.09.10 23:47:36.465,1.13845,1.13858,1.37,1.00
2017.09.10 23:47:37.384,1.13848,1.13858,1.87,1.00
2017.09.10 23:47:50.183,1.13847,1.13858,1.87,1.12
2017.09.10 23:47:50.913,1.13847,1.13858,9.00,1.37
2017.09.10 23:47:51.079,1.13847,1.13858,16.87,1.00
2017.09.10 23:47:54.088,1.13847,1.13858,24.00,1.37
2017.09.10 23:47:54.141,1.13847,1.13858,25.12,1.00
2017.09.10 23:47:55.152,1.13847,1.13858,32.25,1.37
2017.09.10 23:47:55.204,1.13847,1.13858,33.37,1.00
2017.09.10 23:47:56.246,1.13847,1.13858,40.50,1.37
2017.09.10 23:47:59.205,1.13847,1.13858,132.37,1.00
2017.09.10 23:48:00.555,1.13847,1.13858,139.50,1.37
2017.09.10 23:48:00.683,1.13849,1.13858,1.00,1.00
2017.09.10 23:48:15.497,1.1385,1.13858,1.00,1.00
2017.09.10 23:48:18.564,1.13851,1.13858,1.00,1.00
2017.09.10 23:48:18.616,1.13851,1.1386,1.00,1.00
2017.09.10 23:48:23.220,1.13852,1.1386,1.00,1.00
2017.09.10 23:48:25.601,1.13852,1.13858,1.00,1.00
2017.09.10 23:48:26.122,1.13851,1.13858,1.00,1.00
2017.09.10 23:48:27.157,1.13851,1.1386,1.00,1.00
2017.09.10 23:48:27.673,1.13852,1.1386,1.00,1.00
2017.09.10 23:48:39.337,1.13849,1.1386,1.50,1.00
2017.09.10 23:48:40.055,1.13848,1.1386,1.12,1.00
2017.09.10 23:48:44.008,1.13849,1.1386,1.00,1.00
2017.09.10 23:48:44.785,1.13848,1.1386,1.12,1.00
2017.09.10 23:48:48.988,1.13847,1.1386,3.00,1.00
2017.09.10 23:48:51.734,1.13848,1.1386,1.50,1.00
2017.09.10 23:48:52.242,1.13849,1.1386,1.00,1.00
2017.09.10 23:48:52.658,1.13848,1.13858,1.50,1.00
2017.09.10 23:48:52.863,1.13846,1.13858,2.25,1.00
2017.09.10 23:48:53.652,1.13847,1.1386,1.00,1.00
2017.09.10 23:48:54.683,1.13847,1.13862,1.50,1.00
2017.09.10 23:48:54.734,1.13851,1.13862,1.00,1.00
2017.09.10 23:48:58.066,1.13847,1.13862,1.87,1.00
2017.09.10 23:49:00.656,1.13848,1.13862,1.00,1.00
2017.09.10 23:49:00.707,1.1385,1.13862,1.00,1.00
2017.09.10 23:49:01.013,1.13852,1.13862,1.00,1.00
2017.09.10 23:49:02.568,1.1385,1.13862,1.50,1.00
2017.09.10 23:49:05.540,1.13849,1.13862,1.50,1.00
2017.09.10 23:49:07.022,1.13853,1.13862,1.00,1.00
2017.09.10 23:49:10.208,1.13855,1.13866,1.00,1.50
2017.09.10 23:49:10.260,1.13856,1.13864,1.00,1.00
2017.09.10 23:49:14.394,1.13853,1.13864,1.00,1.00
2017.09.10 23:49:25.292,1.13854,1.13864,1.00,1.00
2017.09.10 23:49:26.395,1.13853,1.13864,1.00,1.00
2017.09.10 23:49:29.101,1.13851,1.13864,3.37,1.00
2017.09.10 23:49:30.391,1.13851,1.13864,1.87,1.00
2017.09.10 23:49:31.028,1.13852,1.13864,1.00,1.00
2017.09.10 23:49:44.416,1.13853,1.13864,1.00,1.00
2017.09.10 23:49:50.605,1.13852,1.13864,2.62,1.00
2017.09.10 23:49:51.144,1.13853,1.13864,1.00,1.00
2017.09.10 23:50:00.520,1.13856,1.13864,1.00,1.00
2017.09.10 23:50:41.749,1.13855,1.13864,1.00,1.00
2017.09.10 23:50:42.056,1.13856,1.13867,1.00,1.00
2017.09.10 23:50:44.697,1.13855,1.13867,1.00,1.00
2017.09.10 23:50:46.205,1.13855,1.13865,1.00,1.00
2017.09.10 23:50:46.510,1.13854,1.13863,1.00,1.00
2017.09.10 23:50:48.073,1.13853,1.13863,1.00,1.00
2017.09.10 23:50:48.583,1.13852,1.13863,1.00,1.00
2017.09.10 23:50:55.525,1.1385,1.13859,1.00,1.00
2017.09.10 23:50:57.977,1.13849,1.13859,1.00,1.00
2017.09.10 23:50:58.640,1.1385,1.13859,1.00,1.00
2017.09.10 23:50:59.610,1.13849,1.13859,1.00,1.00
2017.09.10 23:50:59.916,1.13851,1.13859,1.00,1.00
2017.09.10 23:51:00.900,1.13851,1.13861,2.25,1.00
2017.09.10 23:51:01.251,1.13853,1.13861,1.00,1.00
2017.09.10 23:51:03.074,1.13854,1.13861,1.00,1.00
2017.09.10 23:51:03.125,1.13854,1.13863,1.50,1.00
2017.09.10 23:51:03.673,1.13854,1.13864,1.50,1.00
2017.09.10 23:51:07.249,1.13853,1.13864,1.50,1.00
2017.09.10 23:51:07.779,1.13854,1.13864,1.00,1.00
2017.09.10 23:51:08.319,1.13854,1.13866,1.00,1.50
2017.09.10 23:51:08.421,1.13856,1.13866,1.00,1.00
2017.09.10 23:51:12.775,1.13855,1.13866,1.00,1.00
2017.09.10 23:51:13.081,1.13854,1.13862,1.00,1.00
2017.09.10 23:51:14.649,1.13853,1.13862,1.00,1.00
2017.09.10 23:51:14.752,1.13852,1.13864,1.00,1.69
2017.09.10 23:51:14.854,1.13855,1.13864,1.00,1.00
2017.09.10 23:51:15.008,1.13859,1.13872,1.00,1.00
2017.09.10 23:51:15.184,1.1386,1.13874,1.00,1.50
2017.09.10 23:51:15.239,1.13863,1.13878,1.00,1.50
2017.09.10 23:51:15.752,1.13864,1.13878,1.00,1.00
2017.09.10 23:51:16.215,1.13864,1.13872,1.00,1.00
2017.09.10 23:51:17.677,1.13865,1.13872,1.00,1.00
2017.09.10 23:51:17.728,1.13865,1.13875,1.00,1.00
2017.09.10 23:51:18.792,1.13864,1.13875,1.00,1.00
2017.09.10 23:51:24.905,1.13866,1.13875,1.00,1.00
2017.09.10 23:51:25.211,1.13868,1.13875,1.00,1.00
2017.09.10 23:51:25.755,1.13867,1.13875,1.00,1.00
2017.09.10 23:51:26.450,1.13866,1.13875,1.50,1.00
2017.09.10 23:51:26.794,1.13864,1.13875,1.00,1.00
2017.09.10 23:51:26.851,1.13864,1.13873,1.00,1.00
2017.09.10 23:51:27.158,1.13861,1.13868,1.00,1.00
2017.09.10 23:51:27.210,1.1386,1.1387,2.25,1.00
2017.09.10 23:51:30.373,1.13858,1.13868,2.62,1.00
2017.09.10 23:51:30.948,1.13859,1.13868,1.00,1.00
2017.09.10 23:51:32.278,1.1386,1.13871,1.00,1.00
2017.09.10 23:51:32.994,1.13861,1.13871,1.00,1.00
2017.09.10 23:51:33.622,1.13862,1.13871,1.00,1.00
2017.09.10 23:51:34.267,1.13861,1.13871,1.00,1.00
2017.09.10 23:51:34.814,1.13862,1.13875,2.62,1.00
2017.09.10 23:51:34.916,1.13864,1.13875,1.00,1.00
2017.09.10 23:51:34.967,1.13862,1.13875,2.62,1.00
2017.09.10 23:51:35.019,1.13864,1.13875,1.00,1.00
2017.09.10 23:51:35.512,1.13862,1.13875,2.25,1.00
2017.09.10 23:51:38.697,1.13863,1.13875,1.00,1.00
2017.09.10 23:51:41.575,1.13863,1.13873,1.00,1.00
2017.09.10 23:51:45.573,1.13862,1.13873,1.50,1.00
2017.09.10 23:51:52.011,1.13863,1.13873,1.00,1.00
2017.09.10 23:51:58.261,1.13862,1.13873,1.50,1.00
2017.09.10 23:51:59.333,1.13861,1.13873,1.00,1.50
2017.09.10 23:51:59.845,1.1386,1.13873,1.00,1.50
2017.09.10 23:52:00.224,1.13859,1.13871,1.00,1.00
2017.09.10 23:52:00.536,1.13862,1.13869,1.00,1.00
2017.09.10 23:52:01.867,1.1386,1.13869,1.50,1.00
2017.09.10 23:52:05.560,1.13862,1.13869,1.00,1.00
2017.09.10 23:52:10.127,1.13861,1.13869,1.00,1.00
2017.09.10 23:52:25.914,1.13858,1.13869,1.87,1.00
2017.09.10 23:52:37.284,1.13859,1.13869,1.00,1.00
2017.09.10 23:52:45.697,1.13858,1.13869,1.50,1.00
2017.09.10 23:52:46.212,1.13857,1.13869,1.12,1.50
2017.09.10 23:52:46.483,1.13858,1.13866,1.00,1.00
2017.09.10 23:52:52.888,1.13857,1.13866,1.12,1.00
2017.09.10 23:53:17.457,1.13858,1.13866,1.00,1.00
2017.09.10 23:53:17.610,1.13856,1.13866,1.12,1.00
2017.09.10 23:53:17.662,1.13856,1.13864,1.12,1.00
2017.09.10 23:53:17.825,1.13856,1.13867,1.12,1.50
2017.09.10 23:53:18.283,1.13858,1.13866,1.00,1.00
2017.09.10 23:53:18.640,1.13856,1.13866,1.12,1.00
2017.09.10 23:53:25.427,1.13855,1.13864,1.87,1.00
2017.09.10 23:53:25.733,1.13856,1.13866,1.12,1.00
2017.09.10 23:53:27.528,1.13854,1.13866,1.00,1.00
2017.09.10 23:53:28.645,1.13854,1.13865,1.00,1.00
2017.09.10 23:53:30.084,1.13854,1.13864,1.00,1.00
2017.09.10 23:53:31.313,1.13853,1.1386,1.00,1.00
2017.09.10 23:53:31.468,1.13851,1.1386,1.00,1.00
2017.09.10 23:53:31.991,1.13852,1.1386,1.00,1.00
2017.09.10 23:53:49.543,1.1385,1.1386,1.00,1.00
2017.09.10 23:54:17.556,1.13849,1.1386,1.00,1.50
2017.09.10 23:54:17.607,1.13849,1.13858,1.00,1.00
2017.09.10 23:54:17.658,1.13849,1.1386,1.00,1.00
2017.09.10 23:54:18.117,1.13849,1.13858,1.00,1.00
2017.09.10 23:54:18.816,1.13848,1.13858,1.00,1.00
2017.09.10 23:54:29.116,1.13849,1.13858,1.00,1.00
2017.09.10 23:54:29.167,1.13849,1.13862,1.00,1.50
2017.09.10 23:54:29.474,1.13851,1.13862,1.00,1.00
2017.09.10 23:54:33.736,1.1385,1.13862,1.12,1.50
2017.09.10 23:54:40.607,1.1385,1.13863,1.12,1.00
2017.09.10 23:54:40.912,1.13852,1.13863,1.00,1.00
2017.09.10 23:54:43.039,1.13852,1.13864,1.00,1.00
2017.09.10 23:54:43.549,1.13853,1.13864,1.00,1.00
2017.09.10 23:54:47.283,1.13853,1.13866,1.00,1.00
2017.09.10 23:54:47.385,1.13855,1.13867,1.00,1.00
2017.09.10 23:54:48.003,1.13855,1.13868,1.87,1.00
2017.09.10 23:54:50.564,1.13857,1.1387,1.00,1.00
2017.09.10 23:54:51.076,1.13856,1.13869,1.12,1.00
2017.09.10 23:54:56.878,1.13856,1.13865,1.00,1.00
2017.09.10 23:54:56.929,1.13853,1.13867,1.37,1.00
2017.09.10 23:54:56.981,1.13855,1.13867,1.37,1.00
2017.09.10 23:54:58.041,1.13856,1.13868,1.12,1.00
2017.09.10 23:54:59.579,1.13856,1.13866,1.12,1.00
2017.09.10 23:55:01.234,1.13854,1.13866,1.12,1.00
2017.09.10 23:55:02.254,1.13855,1.13866,1.00,1.00
2017.09.10 23:55:02.765,1.13854,1.13866,1.12,1.00
2017.09.10 23:55:04.105,1.13855,1.13866,1.00,1.00
2017.09.10 23:55:22.005,1.13855,1.13866,1.50,1.00
2017.09.10 23:55:22.521,1.13855,1.13867,1.87,1.00
2017.09.10 23:55:27.746,1.13857,1.13869,1.00,1.00
2017.09.10 23:55:28.434,1.13856,1.13868,1.12,1.00
2017.09.10 23:55:29.375,1.13856,1.13869,1.12,1.00
2017.09.10 23:55:29.528,1.13858,1.1387,1.00,1.00
2017.09.10 23:55:30.700,1.13858,1.13869,1.00,1.00
2017.09.10 23:55:31.477,1.13856,1.13867,1.12,1.00
2017.09.10 23:55:33.954,1.13855,1.13866,1.00,1.00
2017.09.10 23:55:34.261,1.13856,1.13868,1.00,1.00
2017.09.10 23:55:34.948,1.13855,1.13868,1.00,1.00
2017.09.10 23:55:36.696,1.13855,1.13867,1.00,1.00
2017.09.10 23:55:36.930,1.13852,1.13865,1.12,1.00
2017.09.10 23:55:37.286,1.13851,1.13863,1.12,1.00
2017.09.10 23:55:44.533,1.13852,1.13864,1.00,1.00
2017.09.10 23:55:45.071,1.13853,1.13865,1.00,1.00
2017.09.10 23:55:46.704,1.13854,1.13865,1.00,1.00
2017.09.10 23:55:56.772,1.13854,1.13864,1.00,1.00
2017.09.10 23:55:56.824,1.13852,1.13863,1.00,1.00
2017.09.10 23:55:57.079,1.13851,1.13861,1.00,1.00
2017.09.10 23:55:58.429,1.13849,1.13861,1.00,1.00
2017.09.10 23:55:58.735,1.13848,1.13859,1.00,1.00
2017.09.10 23:55:58.888,1.13848,1.13861,1.00,1.00
2017.09.10 23:55:58.939,1.1385,1.13861,1.00,1.00
2017.09.10 23:56:06.043,1.1385,1.13862,1.00,1.50
2017.09.10 23:56:22.010,1.13852,1.13862,1.00,1.00
2017.09.10 23:56:31.979,1.13852,1.1386,1.00,1.00
2017.09.10 23:56:32.081,1.13852,1.13862,1.00,1.00
2017.09.10 23:56:32.132,1.13852,1.1386,1.00,1.00
2017.09.10 23:56:34.865,1.13853,1.13863,1.00,1.00
2017.09.10 23:56:35.403,1.13853,1.13862,1.00,1.00
2017.09.10 23:56:35.947,1.13852,1.13862,1.00,1.00
2017.09.10 23:56:37.286,1.13851,1.13862,1.12,1.00
2017.09.10 23:56:46.133,1.13853,1.13862,1.00,1.00
2017.09.10 23:56:46.641,1.13854,1.13862,1.00,1.00
2017.09.10 23:56:48.511,1.13855,1.13862,1.00,1.00
2017.09.10 23:56:48.616,1.13855,1.13864,1.87,1.00
2017.09.10 23:56:48.667,1.13858,1.13864,1.00,1.00
2017.09.10 23:56:52.146,1.13858,1.13866,1.00,1.00
2017.09.10 23:56:52.693,1.13859,1.13866,1.00,1.00
2017.09.10 23:56:58.030,1.13859,1.13871,1.00,1.00
2017.09.10 23:56:58.994,1.13859,1.13866,1.00,1.00
2017.09.10 23:57:16.862,1.13858,1.13866,1.00,1.00
2017.09.10 23:57:17.571,1.13857,1.13866,1.00,1.00
2017.09.10 23:57:17.928,1.13857,1.13863,1.00,1.00
2017.09.10 23:57:17.980,1.13857,1.13865,1.00,1.00
2017.09.10 23:57:18.600,1.13857,1.13863,1.00,1.00
2017.09.10 23:57:18.960,1.13856,1.13865,1.00,1.00
2017.09.10 23:57:19.114,1.13856,1.13867,1.00,1.50
2017.09.10 23:57:19.412,1.13857,1.13865,1.00,1.00
2017.09.10 23:57:20.930,1.13856,1.13865,1.00,1.00
2017.09.10 23:57:22.217,1.13855,1.13865,1.00,1.00
2017.09.10 23:57:22.522,1.13855,1.13863,1.00,1.00
2017.09.10 23:57:23.055,1.13856,1.13862,1.00,1.00
2017.09.10 23:57:23.361,1.13856,1.13864,1.00,1.00
2017.09.10 23:57:23.904,1.13856,1.13863,1.00,1.00
2017.09.10 23:57:24.551,1.13855,1.13863,1.00,1.00
2017.09.10 23:57:25.083,1.13854,1.13863,1.00,1.00
2017.09.10 23:57:25.627,1.13855,1.13863,1.00,1.00
2017.09.10 23:57:26.455,1.13856,1.13863,1.00,1.00
2017.09.10 23:57:26.710,1.13854,1.13863,1.50,1.00
2017.09.10 23:57:27.239,1.13855,1.13863,1.00,1.00
2017.09.10 23:57:27.643,1.13857,1.13864,1.00,1.00
2017.09.10 23:57:36.235,1.13861,1.13868,1.00,1.00
2017.09.10 23:57:36.490,1.13859,1.13869,1.50,1.00
2017.09.10 23:57:36.695,1.1386,1.13871,1.00,1.00
2017.09.10 23:57:36.746,1.1386,1.13869,1.50,1.00
2017.09.10 23:57:37.217,1.13859,1.13867,1.00,1.00
2017.09.10 23:57:38.750,1.13861,1.13867,1.00,1.00
2017.09.10 23:57:38.904,1.13861,1.13871,1.00,1.00
2017.09.10 23:57:43.805,1.13862,1.13871,1.00,1.00
2017.09.10 23:57:43.958,1.13862,1.13874,1.50,1.00
2017.09.10 23:57:44.881,1.13862,1.13873,1.00,1.00
2017.09.10 23:57:45.423,1.13862,1.13872,1.00,1.00
2017.09.10 23:57:47.045,1.13863,1.13872,1.00,1.00
2017.09.10 23:57:47.096,1.13863,1.13874,1.00,1.00
2017.09.10 23:57:49.466,1.13865,1.13874,1.00,1.00
2017.09.10 23:57:49.772,1.13865,1.13872,1.00,1.00
2017.09.10 23:57:50.355,1.13864,1.13872,1.00,1.00
2017.09.10 23:57:51.013,1.13865,1.13872,1.00,1.00
2017.09.10 23:57:53.046,1.13863,1.13872,1.00,1.00
2017.09.10 23:57:56.350,1.13864,1.13874,1.00,1.00
2017.09.10 23:57:56.657,1.13866,1.13874,1.00,1.00
2017.09.10 23:58:02.064,1.13863,1.13874,1.00,1.00
2017.09.10 23:58:02.268,1.13861,1.13871,1.12,1.00
2017.09.10 23:58:02.612,1.13859,1.13869,1.00,1.00
2017.09.10 23:58:02.918,1.13859,1.13867,1.00,1.00
2017.09.10 23:58:03.174,1.13856,1.13865,1.00,1.00
2017.09.10 23:58:03.328,1.13856,1.13867,1.00,1.00
2017.09.10 23:58:03.481,1.13858,1.13868,1.00,1.50
2017.09.10 23:58:03.703,1.13856,1.13868,1.00,1.00
2017.09.10 23:58:03.859,1.13859,1.13868,1.00,1.00
2017.09.10 23:58:03.910,1.13859,1.13872,1.00,1.50
2017.09.10 23:58:04.452,1.1386,1.13872,1.00,1.50
2017.09.10 23:58:04.708,1.1386,1.1387,1.00,1.00
2017.09.10 23:58:04.759,1.13858,1.1387,1.12,1.00
2017.09.10 23:58:04.900,1.13858,1.13868,1.12,1.00
2017.09.10 23:58:05.429,1.13859,1.13868,1.00,1.00
2017.09.10 23:58:07.485,1.13857,1.13868,1.00,1.00
2017.09.10 23:58:10.024,1.13858,1.13868,1.00,1.00
2017.09.10 23:58:10.530,1.1386,1.13868,1.00,1.00
2017.09.10 23:58:12.261,1.13858,1.13868,1.00,1.00
2017.09.10 23:58:12.922,1.1386,1.13869,1.00,1.00
2017.09.10 23:58:13.189,1.13861,1.13873,1.00,1.00
2017.09.10 23:58:13.345,1.13863,1.13873,1.00,1.00
2017.09.10 23:58:13.549,1.1386,1.13873,1.87,1.00
2017.09.10 23:58:14.008,1.13862,1.13873,1.00,1.00
2017.09.10 23:58:14.896,1.13861,1.13873,1.00,1.00
2017.09.10 23:58:17.099,1.1386,1.13873,1.00,1.50
2017.09.10 23:58:20.305,1.1386,1.13872,1.00,1.00
2017.09.10 23:58:20.872,1.13861,1.13872,1.00,1.00
2017.09.10 23:58:21.606,1.13863,1.13873,1.00,1.00
2017.09.10 23:58:25.761,1.13864,1.13873,1.00,1.00
2017.09.10 23:58:26.268,1.13869,1.13876,1.00,1.00
2017.09.10 23:58:26.475,1.13869,1.13879,1.50,1.00
2017.09.10 23:58:26.938,1.1387,1.13877,1.00,1.00
2017.09.10 23:58:27.092,1.13868,1.13877,1.00,1.00
2017.09.10 23:58:27.201,1.13868,1.13875,1.00,1.00
2017.09.10 23:58:27.723,1.13867,1.13875,1.00,1.00
2017.09.10 23:58:28.377,1.13868,1.13875,1.00,1.00
2017.09.10 23:58:28.917,1.13867,1.13875,1.00,1.00
2017.09.10 23:58:29.459,1.13868,1.13875,1.00,1.00
2017.09.10 23:58:30.438,1.13867,1.13875,1.00,1.00
2017.09.10 23:58:38.500,1.13868,1.13875,1.00,1.00
2017.09.10 23:58:39.609,1.13869,1.13876,1.00,1.00
2017.09.10 23:58:40.516,1.1387,1.13876,1.00,1.00
2017.09.10 23:58:41.591,1.1387,1.13882,1.00,1.00
2017.09.10 23:58:49.303,1.1387,1.13881,1.00,1.00
2017.09.10 23:58:49.456,1.13868,1.13881,1.00,1.00
2017.09.10 23:58:50.192,1.13868,1.1388,1.00,1.00
2017.09.10 23:58:51.777,1.13868,1.13878,1.00,1.00
2017.09.10 23:58:52.081,1.13868,1.13876,1.00,1.00
2017.09.10 23:58:53.503,1.13867,1.13876,1.00,1.00
2017.09.10 23:58:53.708,1.13864,1.13874,1.00,1.00
2017.09.10 23:58:56.218,1.13866,1.13874,1.00,1.00
2017.09.10 23:58:56.425,1.13866,1.13876,1.00,1.00
2017.09.10 23:58:57.730,1.13867,1.13876,1.00,1.00
2017.09.10 23:59:01.147,1.13868,1.13876,1.00,1.00
2017.09.10 23:59:01.250,1.13868,1.13878,1.00,1.00
2017.09.10 23:59:01.506,1.1387,1.13879,1.00,1.00
2017.09.10 23:59:11.057,1.13871,1.13879,1.00,1.00
2017.09.10 23:59:11.620,1.13871,1.13877,1.00,1.00
2017.09.10 23:59:11.672,1.13868,1.13877,1.50,1.00
2017.09.10 23:59:12.175,1.13869,1.13877,1.00,1.00
2017.09.10 23:59:12.583,1.13867,1.13877,1.12,1.00
2017.09.10 23:59:17.887,1.13865,1.13877,1.50,1.00
2017.09.10 23:59:18.193,1.13867,1.13877,1.00,1.00
2017.09.10 23:59:19.435,1.13868,1.13877,1.00,1.00
2017.09.10 23:59:21.977,1.13868,1.13876,1.00,1.00
2017.09.10 23:59:28.779,1.13868,1.13879,1.00,1.00
2017.09.10 23:59:29.135,1.13871,1.13879,1.00,1.00
2017.09.10 23:59:35.556,1.13871,1.13877,1.00,1.00
2017.09.10 23:59:36.141,1.1387,1.13877,1.00,1.00
2017.09.10 23:59:41.293,1.13868,1.13877,1.00,1.00
2017.09.10 23:59:41.396,1.13868,1.13875,1.00,1.00
2017.09.10 23:59:41.513,1.13866,1.13875,1.12,1.00
2017.09.10 23:59:42.171,1.13865,1.13875,1.00,1.00
2017.09.10 23:59:43.020,1.13866,1.13875,1.00,1.00
2017.09.10 23:59:43.567,1.13866,1.13874,1.00,1.00
2017.09.10 23:59:44.365,1.13868,1.13874,1.00,1.00
2017.09.10 23:59:48.116,1.13865,1.13874,1.00,1.00
2017.09.10 23:59:48.269,1.13864,1.13878,1.87,1.50
2017.09.10 23:59:48.423,1.13866,1.13878,1.87,1.00
2017.09.10 23:59:48.737,1.13869,1.13878,1.00,1.00
2017.09.10 23:59:49.335,1.13867,1.13878,1.00,1.00
2017.09.10 23:59:55.297,1.13866,1.13877,1.12,1.00
2017.09.10 23:59:55.349,1.13866,1.13874,1.00,1.00
2017.09.10 23:59:57.019,1.13865,1.13874,1.87,1.00
