2008.05.23 02:00:51.811,1.62165,1.6219,2.80,5.20
2008.05.23 02:00:52.670,1.6217,1.6219,4.80,5.20
2008.05.23 02:00:52.845,1.6217,1.6219,5.10,0.60
2008.05.23 02:01:12.536,1.62165,1.6219,2.80,8.10
2008.05.23 02:01:12.646,1.6216,1.6219,11.40,8.10
2008.05.23 02:01:13.526,1.6216,1.6219,6.20,8.10
2008.05.23 02:01:13.866,1.6216,1.6219,11.40,8.10
2008.05.23 02:01:16.113,1.6216,1.6219,11.40,11.00
2008.05.23 02:02:01.370,1.6216,1.6219,11.40,6.20
2008.05.23 02:02:01.548,1.6216,1.6219,11.40,11.00
2008.05.23 02:02:13.340,1.6217,1.6219,5.10,6.20
2008.05.23 02:02:13.674,1.6217,1.6219,5.10,3.30
2008.05.23 02:02:17.172,1.6216,1.6219,11.40,3.30
2008.05.23 02:02:17.369,1.6216,1.6219,11.40,8.10
2008.05.23 02:02:18.839,1.6216,1.6219,11.40,3.30
2008.05.23 02:02:25.949,1.6216,1.6219,11.40,6.20
2008.05.23 02:02:46.551,1.6216,1.6219,11.40,11.00
2008.05.23 02:02:56.843,1.6216,1.6219,11.40,6.20
2008.05.23 02:03:07.658,1.6217,1.6219,0.40,6.20
2008.05.23 02:03:07.713,1.6217,1.6219,5.10,6.20
2008.05.23 02:03:07.933,1.6217,1.6219,5.10,3.30
2008.05.23 02:03:19.778,1.6217,1.6219,4.80,3.30
2008.05.23 02:03:19.824,1.6216,1.6219,11.40,3.30
2008.05.23 02:03:20.373,1.6216,1.6219,11.40,8.10
2008.05.23 02:03:21.139,1.6216,1.6219,11.40,3.30
2008.05.23 02:03:23.277,1.6217,1.6219,5.10,3.30
2008.05.23 02:03:24.086,1.6216,1.6219,11.40,8.10
2008.05.23 02:03:25.250,1.6216,1.6219,11.40,3.30
2008.05.23 02:03:27.865,1.6216,1.6219,11.40,8.10
2008.05.23 02:03:30.238,1.6216,1.6219,11.40,3.30
2008.05.23 02:03:31.258,1.6216,1.6219,11.40,8.10
2008.05.23 02:03:31.690,1.6217,1.6219,0.40,8.10
2008.05.23 02:03:31.781,1.6217,1.6219,5.10,3.30
2008.05.23 02:03:31.956,1.6217,1.6219,4.80,3.30
2008.05.23 02:03:32.039,1.6216,1.6219,11.40,3.30
2008.05.23 02:03:32.415,1.6216,1.6219,11.40,8.10
2008.05.23 02:03:33.734,1.6216,1.6219,11.40,11.00
2008.05.23 02:04:22.506,1.62122,1.62172,22.40,26.80
2008.05.23 02:04:22.569,1.6213,1.6218,27.20,26.80
2008.05.23 02:04:25.138,1.62136,1.62186,27.20,26.80
2008.05.23 02:04:25.162,1.62137,1.62187,27.20,26.80
2008.05.23 02:04:26.076,1.62134,1.62184,22.40,26.80
2008.05.23 02:04:26.122,1.6213,1.6218,22.40,26.80
2008.05.23 02:04:28.677,1.62129,1.62179,22.00,26.80
2008.05.23 02:04:28.869,1.62127,1.62177,22.00,26.80
2008.05.23 02:05:24.186,1.6217,1.6219,0.40,7.60
2008.05.23 02:05:24.245,1.6217,1.622,5.10,4.80
2008.05.23 02:05:27.945,1.6217,1.622,5.10,3.80
2008.05.23 02:05:28.037,1.6218,1.622,5.10,2.80
2008.05.23 02:05:28.275,1.6218,1.6221,5.10,16.80
2008.05.23 02:05:38.548,1.6218,1.6221,5.10,12.00
2008.05.23 02:05:39.246,1.6218,1.6221,8.00,12.00
2008.05.23 02:05:42.706,1.6218,1.6221,8.00,11.50
2008.05.23 02:05:42.775,1.6218,1.6221,8.00,5.70
2008.05.23 02:05:42.902,1.6218,1.6221,8.00,6.20
2008.05.23 02:05:43.027,1.6218,1.6221,8.00,9.10
2008.05.23 02:05:43.277,1.6218,1.622,8.00,3.30
2008.05.23 02:05:43.663,1.6218,1.6221,8.00,12.90
2008.05.23 02:05:44.180,1.6218,1.6221,8.00,8.10
2008.05.23 02:05:46.013,1.6218,1.6221,9.00,8.10
2008.05.23 02:05:46.058,1.62185,1.6221,0.90,8.10
2008.05.23 02:05:46.201,1.6219,1.6221,0.40,8.10
2008.05.23 02:05:46.261,1.6219,1.6221,0.40,7.60
2008.05.23 02:05:46.285,1.6219,1.6221,5.10,4.80
2008.05.23 02:05:47.320,1.6219,1.6221,5.10,8.10
2008.05.23 02:05:47.978,1.6218,1.6221,8.00,8.10
2008.05.23 02:05:48.497,1.6218,1.622,8.00,3.30
2008.05.23 02:05:48.680,1.6218,1.622,5.10,0.60
2008.05.23 02:05:49.719,1.6218,1.622,5.10,3.30
2008.05.23 02:05:49.817,1.6218,1.622,0.40,3.30
2008.05.23 02:05:49.869,1.6217,1.622,8.00,3.30
2008.05.23 02:05:50.046,1.6217,1.622,2.80,3.30
2008.05.23 02:05:50.144,1.6217,1.622,2.80,0.60
2008.05.23 02:05:50.255,1.6216,1.622,17.10,0.60
2008.05.23 02:05:50.558,1.6216,1.622,14.20,3.30
2008.05.23 02:05:51.666,1.6217,1.622,4.80,3.30
2008.05.23 02:05:51.821,1.6217,1.622,5.10,3.30
2008.05.23 02:05:51.975,1.6217,1.622,5.10,6.20
2008.05.23 02:05:52.751,1.6218,1.622,4.80,3.30
2008.05.23 02:05:52.938,1.6218,1.622,5.10,0.60
2008.05.23 02:05:53.124,1.6217,1.622,10.90,0.60
2008.05.23 02:05:53.309,1.6217,1.622,16.20,0.60
2008.05.23 02:05:53.676,1.6217,1.622,19.00,0.60
2008.05.23 02:05:54.354,1.6217,1.622,20.00,0.60
2008.05.23 02:05:59.857,1.62175,1.622,2.80,0.60
2008.05.23 02:06:31.077,1.62145,1.62175,8.00,2.80
2008.05.23 02:06:31.272,1.62144,1.62174,8.00,7.60
2008.05.23 02:06:31.601,1.62142,1.62172,27.20,0.90
2008.05.23 02:06:52.454,1.62143,1.62173,8.00,27.80
2008.05.23 02:06:52.513,1.62149,1.62179,8.00,27.80
2008.05.23 02:06:53.000,1.62151,1.62181,8.00,7.60
2008.05.23 02:06:53.049,1.62151,1.62181,8.00,27.80
2008.05.23 02:06:53.215,1.62152,1.62182,2.80,22.00
2008.05.23 02:06:53.265,1.62156,1.62186,5.10,11.50
2008.05.23 02:06:59.271,1.6216,1.6219,8.00,27.80
2008.05.23 02:07:12.016,1.62159,1.62199,8.00,7.60
2008.05.23 02:07:12.040,1.62155,1.62195,17.20,22.00
2008.05.23 02:07:12.065,1.62144,1.62184,8.00,27.80
2008.05.23 02:07:12.245,1.62131,1.62171,27.20,0.90
2008.05.23 02:07:12.316,1.62126,1.62166,2.80,2.80
2008.05.23 02:07:13.644,1.62116,1.62186,5.10,11.50
2008.05.23 02:07:13.910,1.62139,1.62189,8.00,7.60
2008.05.23 02:07:14.097,1.62149,1.62199,8.00,24.90
2008.05.23 02:07:14.192,1.62151,1.62201,8.00,2.80
2008.05.23 02:07:16.569,1.62142,1.62192,3.20,7.60
2008.05.23 02:07:16.670,1.62137,1.62177,17.20,22.00
2008.05.23 02:07:16.694,1.62129,1.62169,8.00,27.80
2008.05.23 02:07:16.854,1.62124,1.62164,2.80,22.00
2008.05.23 02:08:14.249,1.62175,1.622,2.80,9.10
2008.05.23 02:08:14.501,1.6217,1.622,14.20,9.10
2008.05.23 02:08:15.000,1.6217,1.622,14.20,10.00
2008.05.23 02:08:18.778,1.6217,1.622,14.20,12.90
2008.05.23 02:08:44.135,1.6217,1.622,13.30,12.90
2008.05.23 02:09:44.500,1.6217,1.622,13.30,15.80
2008.05.23 02:09:46.658,1.6217,1.622,13.30,12.90
2008.05.23 02:10:04.289,1.62137,1.62177,8.00,2.80
2008.05.23 02:10:04.365,1.62145,1.62185,8.00,2.80
2008.05.23 02:10:05.171,1.62152,1.62182,8.00,2.80
2008.05.23 02:10:05.180,1.62148,1.62178,8.00,7.60
2008.05.23 02:10:43.625,1.62149,1.62179,8.00,2.80
2008.05.23 02:10:50.116,1.62152,1.62182,8.00,7.60
2008.05.23 02:11:21.367,1.62155,1.62185,8.00,2.80
2008.05.23 02:11:21.410,1.62156,1.62186,8.00,7.60
2008.05.23 02:11:31.185,1.62159,1.62189,8.00,2.80
2008.05.23 02:11:31.201,1.6216,1.6219,8.00,7.60
2008.05.23 02:11:36.335,1.62158,1.62188,8.00,2.80
2008.05.23 02:11:36.435,1.62156,1.62186,8.00,2.80
2008.05.23 02:11:37.863,1.62154,1.62184,7.60,7.60
2008.05.23 02:11:37.951,1.62152,1.62182,8.00,2.80
2008.05.23 02:11:39.858,1.62149,1.62179,8.00,2.80
2008.05.23 02:11:40.003,1.62151,1.62181,8.00,2.80
2008.05.23 02:11:45.388,1.62152,1.62182,2.80,7.60
2008.05.23 02:11:45.457,1.62153,1.62183,7.60,7.60
2008.05.23 02:12:00.624,1.6215,1.6218,8.00,2.80
2008.05.23 02:12:09.629,1.62141,1.62181,8.00,7.60
2008.05.23 02:12:19.052,1.62145,1.62175,3.20,7.60
2008.05.23 02:12:25.345,1.62152,1.62182,8.00,7.60
2008.05.23 02:12:25.392,1.62158,1.62188,8.00,17.20
2008.05.23 02:12:41.392,1.62159,1.62189,8.00,7.60
2008.05.23 02:12:43.067,1.62159,1.62189,7.60,7.60
2008.05.23 02:12:45.205,1.62158,1.62188,8.00,2.80
2008.05.23 02:12:57.557,1.62153,1.62183,8.00,2.80
2008.05.23 02:12:57.691,1.6215,1.6218,8.00,17.20
2008.05.23 02:13:14.258,1.6217,1.622,12.90,12.90
2008.05.23 02:13:17.345,1.6217,1.622,10.00,12.90
2008.05.23 02:13:17.512,1.6217,1.6219,5.20,4.80
2008.05.23 02:13:29.968,1.6217,1.6219,3.80,4.80
2008.05.23 02:13:30.056,1.6217,1.6219,3.80,8.10
2008.05.23 02:13:30.317,1.6217,1.6219,2.80,8.10
2008.05.23 02:13:30.447,1.6216,1.6219,8.50,8.10
2008.05.23 02:13:33.740,1.6216,1.62185,8.50,2.80
2008.05.23 02:13:34.165,1.6216,1.6219,8.50,11.00
2008.05.23 02:13:40.169,1.6216,1.6219,11.40,11.00
2008.05.23 02:13:43.941,1.6217,1.6219,5.10,8.10
2008.05.23 02:13:44.035,1.6217,1.6219,5.10,2.80
2008.05.23 02:13:44.242,1.6217,1.622,7.00,15.80
2008.05.23 02:13:44.484,1.6217,1.622,9.90,12.90
2008.05.23 02:13:44.632,1.6217,1.622,10.40,12.90
2008.05.23 02:13:45.174,1.6217,1.622,11.40,12.90
2008.05.23 02:14:07.762,1.6217,1.622,14.20,12.90
2008.05.23 02:14:10.961,1.6217,1.622,17.10,8.10
2008.05.23 02:14:11.050,1.6217,1.622,17.10,3.30
2008.05.23 02:14:11.268,1.6217,1.622,16.20,3.30
2008.05.23 02:14:13.166,1.6217,1.622,11.50,3.30
2008.05.23 02:14:13.286,1.6217,1.622,2.80,3.30
2008.05.23 02:14:13.475,1.62165,1.622,2.80,3.30
2008.05.23 02:14:22.952,1.62165,1.622,2.80,6.20
2008.05.23 02:14:23.027,1.62165,1.6219,2.80,4.80
2008.05.23 02:14:23.247,1.6216,1.6219,8.50,5.70
2008.05.23 02:14:23.471,1.6216,1.6219,11.40,4.80
2008.05.23 02:14:23.547,1.6216,1.6219,8.50,2.80
2008.05.23 02:14:24.058,1.6216,1.62195,11.40,2.80
2008.05.23 02:14:28.357,1.62165,1.622,2.80,3.30
2008.05.23 02:14:31.157,1.62165,1.622,2.80,6.20
2008.05.23 02:14:31.295,1.62165,1.622,2.80,3.30
2008.05.23 02:14:40.122,1.62165,1.62195,2.80,2.80
2008.05.23 02:14:47.312,1.6217,1.622,7.00,3.30
2008.05.23 02:14:47.452,1.6217,1.622,9.90,3.30
2008.05.23 02:14:47.658,1.6217,1.622,12.80,3.30
2008.05.23 02:14:47.729,1.6217,1.622,13.30,3.30
2008.05.23 02:14:48.137,1.6217,1.622,14.20,0.60
2008.05.23 02:14:56.070,1.6217,1.622,17.10,0.60
2008.05.23 02:15:10.220,1.6217,1.622,17.10,3.30
2008.05.23 02:15:13.423,1.6217,1.622,17.10,0.60
2008.05.23 02:15:40.164,1.62175,1.622,2.80,0.60
2008.05.23 02:16:23.351,1.6217,1.622,17.10,0.60
2008.05.23 02:16:29.837,1.6217,1.622,17.10,3.30
2008.05.23 02:16:31.043,1.6217,1.622,17.10,0.60
2008.05.23 02:16:31.121,1.6217,1.622,20.00,0.60
2008.05.23 02:16:32.458,1.6217,1.622,17.10,0.60
2008.05.23 02:16:35.120,1.6217,1.622,20.00,0.60
2008.05.23 02:16:37.062,1.6217,1.622,17.10,0.60
2008.05.23 02:16:39.331,1.6217,1.622,20.00,0.60
2008.05.23 02:16:40.447,1.62175,1.622,2.80,0.60
2008.05.23 02:16:55.720,1.6217,1.622,17.10,0.60
2008.05.23 02:17:10.443,1.6217,1.622,17.10,3.30
2008.05.23 02:17:13.363,1.6217,1.622,17.10,0.60
2008.05.23 02:17:40.147,1.6217,1.622,17.10,3.30
2008.05.23 02:18:17.204,1.6217,1.622,17.10,0.60
2008.05.23 02:18:21.952,1.6217,1.622,20.00,0.60
2008.05.23 02:18:40.452,1.62175,1.622,2.80,0.60
2008.05.23 02:19:02.483,1.62167,1.62182,0.30,2.40
2008.05.23 02:19:05.728,1.62162,1.62177,8.00,2.80
2008.05.23 02:19:07.156,1.62149,1.62189,8.00,2.80
2008.05.23 02:19:07.260,1.62157,1.62197,8.00,7.60
2008.05.23 02:19:09.602,1.62171,1.62186,0.40,0.40
2008.05.23 02:19:14.958,1.62154,1.62194,0.40,0.40
2008.05.23 02:19:20.862,1.62164,1.62179,8.00,7.60
2008.05.23 02:19:44.231,1.62154,1.62194,8.00,7.60
2008.05.23 02:19:48.022,1.62167,1.62187,0.40,0.40
2008.05.23 02:20:06.777,1.6219,1.622,5.10,0.60
2008.05.23 02:20:06.847,1.6219,1.6221,5.10,11.00
2008.05.23 02:20:09.719,1.6219,1.6221,4.80,11.00
2008.05.23 02:20:09.842,1.62175,1.622,2.80,0.60
2008.05.23 02:20:13.177,1.6219,1.622,5.10,0.60
2008.05.23 02:20:13.357,1.6219,1.6221,5.10,11.00
2008.05.23 02:20:13.669,1.6219,1.622,5.10,0.60
2008.05.23 02:20:13.688,1.62175,1.622,2.80,0.60
2008.05.23 02:20:32.149,1.62175,1.6221,2.80,15.80
2008.05.23 02:20:32.247,1.6218,1.6221,0.40,15.80
2008.05.23 02:20:32.296,1.6218,1.6221,7.50,15.80
2008.05.23 02:20:32.710,1.6218,1.6221,10.40,12.90
2008.05.23 02:20:33.156,1.6218,1.6221,11.40,12.90
2008.05.23 02:20:38.155,1.6218,1.6221,11.00,12.90
2008.05.23 02:20:38.257,1.6218,1.6221,3.80,12.90
2008.05.23 02:20:38.355,1.6218,1.622,3.80,0.60
2008.05.23 02:20:38.581,1.6218,1.622,2.80,0.60
2008.05.23 02:20:38.779,1.62175,1.622,2.80,0.60
2008.05.23 02:20:46.014,1.6218,1.6221,3.30,6.20
2008.05.23 02:20:46.322,1.6218,1.6221,6.20,3.30
2008.05.23 02:21:02.650,1.6218,1.6221,3.30,3.30
2008.05.23 02:21:02.700,1.6218,1.6221,2.80,3.30
2008.05.23 02:21:02.785,1.6218,1.6221,2.80,11.00
2008.05.23 02:21:02.839,1.6218,1.6221,2.80,12.00
2008.05.23 02:21:02.947,1.62175,1.6221,2.80,14.80
2008.05.23 02:21:03.001,1.62175,1.6221,2.80,15.80
2008.05.23 02:21:03.215,1.62175,1.622,2.80,0.60
2008.05.23 02:21:05.048,1.6218,1.6221,3.30,6.20
2008.05.23 02:21:05.239,1.6218,1.6221,6.20,3.30
2008.05.23 02:21:06.763,1.6218,1.6221,9.10,3.30
2008.05.23 02:21:15.320,1.6218,1.6221,6.20,6.20
2008.05.23 02:21:16.814,1.6218,1.6221,9.10,3.30
2008.05.23 02:21:26.528,1.6218,1.6221,6.20,6.20
2008.05.23 02:21:26.711,1.6218,1.6221,9.10,3.30
2008.05.23 02:21:26.791,1.6218,1.6221,6.20,6.20
2008.05.23 02:21:27.261,1.6218,1.6221,9.10,3.30
2008.05.23 02:21:30.691,1.6218,1.6221,6.20,6.20
2008.05.23 02:21:30.811,1.6218,1.6221,9.10,3.30
2008.05.23 02:21:30.911,1.6218,1.6221,6.20,6.20
2008.05.23 02:21:31.031,1.6218,1.6221,9.10,3.30
2008.05.23 02:21:31.436,1.6218,1.6221,6.20,6.20
2008.05.23 02:21:31.953,1.6218,1.6221,9.10,3.30
2008.05.23 02:21:32.498,1.6218,1.6221,6.20,6.20
2008.05.23 02:21:32.865,1.6218,1.6221,9.10,3.30
2008.05.23 02:21:34.762,1.6218,1.6221,6.20,6.20
2008.05.23 02:21:35.886,1.6218,1.6221,9.10,3.30
2008.05.23 02:21:36.774,1.6218,1.6221,6.20,6.20
2008.05.23 02:21:36.924,1.6218,1.6221,9.10,3.30
2008.05.23 02:21:37.460,1.6218,1.6221,6.20,6.20
2008.05.23 02:21:41.356,1.6218,1.6221,9.10,3.30
2008.05.23 02:21:41.845,1.6218,1.6221,6.20,3.30
2008.05.23 02:21:41.989,1.6218,1.6221,9.10,3.30
2008.05.23 02:21:43.822,1.6218,1.6221,6.20,6.20
2008.05.23 02:21:44.837,1.6218,1.6221,9.10,3.30
2008.05.23 02:21:50.923,1.6218,1.6221,6.20,6.20
2008.05.23 02:21:53.474,1.6218,1.6221,9.10,3.30
2008.05.23 02:22:01.657,1.6218,1.6221,6.20,3.30
2008.05.23 02:22:01.764,1.6218,1.6221,9.10,3.30
2008.05.23 02:22:02.132,1.6218,1.6221,6.20,6.20
2008.05.23 02:22:02.423,1.6218,1.6221,9.10,3.30
2008.05.23 02:22:17.959,1.6218,1.6221,6.20,6.20
2008.05.23 02:22:18.414,1.6218,1.6221,9.10,3.30
2008.05.23 02:22:19.925,1.6218,1.6221,6.20,6.20
2008.05.23 02:22:20.371,1.6218,1.6221,9.10,3.30
2008.05.23 02:22:46.761,1.6218,1.6221,6.20,6.20
2008.05.23 02:22:46.851,1.6218,1.6221,9.10,3.30
2008.05.23 02:22:48.485,1.6218,1.6221,6.20,6.20
2008.05.23 02:22:48.988,1.6218,1.6221,9.10,3.30
2008.05.23 02:23:08.218,1.6218,1.6221,6.20,3.30
2008.05.23 02:23:08.328,1.6218,1.6221,9.10,0.60
2008.05.23 02:23:08.471,1.6218,1.6221,6.20,3.30
2008.05.23 02:23:08.999,1.6218,1.6221,9.10,0.60
2008.05.23 02:23:10.853,1.6218,1.6221,9.10,3.30
2008.05.23 02:23:13.457,1.6218,1.6221,9.10,0.60
2008.05.23 02:23:21.499,1.6219,1.6221,0.40,0.60
2008.05.23 02:23:21.549,1.6219,1.6221,5.10,0.60
2008.05.23 02:23:22.268,1.6219,1.6221,5.10,3.30
2008.05.23 02:23:41.696,1.6219,1.6221,5.10,0.60
2008.05.23 02:23:41.760,1.6219,1.6221,4.80,0.60
2008.05.23 02:23:41.826,1.6218,1.6221,9.10,0.60
2008.05.23 02:23:42.018,1.6218,1.6221,6.20,3.30
2008.05.23 02:23:48.639,1.6218,1.6221,6.60,3.30
2008.05.23 02:23:48.722,1.6218,1.6221,11.10,0.60
2008.05.23 02:23:48.810,1.62185,1.6221,0.70,0.60
2008.05.23 02:23:53.285,1.6218,1.6221,9.10,0.60
2008.05.23 02:23:54.368,1.6218,1.6221,6.20,0.60
2008.05.23 02:23:54.475,1.6218,1.6221,9.10,0.60
2008.05.23 02:24:07.646,1.6218,1.6221,9.10,3.30
2008.05.23 02:24:22.995,1.6219,1.6221,0.40,3.30
2008.05.23 02:24:23.065,1.6219,1.6221,5.10,0.60
2008.05.23 02:24:23.134,1.6219,1.6221,5.10,3.30
2008.05.23 02:24:23.715,1.6219,1.6221,5.10,0.60
2008.05.23 02:24:25.963,1.6219,1.6221,5.10,3.30
2008.05.23 02:24:27.310,1.6219,1.6221,5.10,0.60
2008.05.23 02:24:41.017,1.6219,1.6221,8.00,0.60
2008.05.23 02:24:55.518,1.6219,1.6221,5.10,0.60
2008.05.23 02:24:56.281,1.6219,1.6221,5.10,3.30
2008.05.23 02:24:57.239,1.6219,1.6221,5.10,0.60
2008.05.23 02:25:11.182,1.6219,1.6221,5.10,3.30
2008.05.23 02:25:11.720,1.6219,1.6221,5.10,0.60
2008.05.23 02:25:15.956,1.6219,1.6221,0.40,0.60
2008.05.23 02:25:16.006,1.62185,1.6221,2.80,0.60
2008.05.23 02:25:16.154,1.6218,1.6221,6.20,3.30
2008.05.23 02:25:16.252,1.6218,1.6221,9.10,0.60
2008.05.23 02:25:16.662,1.6218,1.6221,6.20,3.30
2008.05.23 02:25:16.768,1.6218,1.6221,9.10,0.60
2008.05.23 02:25:17.246,1.6218,1.6221,3.30,3.30
2008.05.23 02:25:17.560,1.6218,1.6221,3.30,6.20
2008.05.23 02:25:17.947,1.6218,1.6221,3.30,3.30
2008.05.23 02:25:18.172,1.6218,1.6221,3.30,6.20
2008.05.23 02:25:18.426,1.6218,1.6221,6.20,3.30
2008.05.23 02:25:19.344,1.6218,1.6221,3.30,6.20
2008.05.23 02:25:19.731,1.6218,1.6221,3.30,3.30
2008.05.23 02:25:19.860,1.6218,1.6221,6.20,3.30
2008.05.23 02:25:20.765,1.6218,1.6221,3.30,6.20
2008.05.23 02:25:25.280,1.6218,1.6221,6.20,3.30
2008.05.23 02:25:28.992,1.6218,1.6221,3.30,6.20
2008.05.23 02:25:32.926,1.6218,1.6221,6.20,3.30
2008.05.23 02:25:33.798,1.6218,1.6221,6.20,6.20
2008.05.23 02:25:40.295,1.6219,1.6221,0.40,6.20
2008.05.23 02:25:40.381,1.6219,1.6221,5.10,3.30
2008.05.23 02:25:40.466,1.6219,1.6221,5.10,0.60
2008.05.23 02:25:40.580,1.6219,1.6221,5.10,3.30
2008.05.23 02:25:40.746,1.6219,1.6221,5.10,0.60
2008.05.23 02:25:41.270,1.6219,1.6221,5.10,3.30
2008.05.23 02:25:43.249,1.6219,1.6221,4.80,3.30
2008.05.23 02:25:43.351,1.6218,1.6221,6.20,3.30
2008.05.23 02:25:44.368,1.6218,1.6221,9.10,0.60
2008.05.23 02:25:44.747,1.6218,1.6221,6.20,3.30
2008.05.23 02:25:45.114,1.6218,1.6221,9.10,0.60
2008.05.23 02:25:46.212,1.6218,1.6221,9.10,3.30
2008.05.23 02:25:46.417,1.6218,1.6221,6.20,3.30
2008.05.23 02:25:46.487,1.6218,1.6221,9.10,3.30
2008.05.23 02:25:49.156,1.6218,1.6221,6.20,6.20
2008.05.23 02:25:49.265,1.6218,1.6221,9.10,3.30
2008.05.23 02:25:49.782,1.6218,1.6221,6.20,6.20
2008.05.23 02:25:53.257,1.6218,1.6221,9.10,3.30
2008.05.23 02:25:53.656,1.6218,1.6221,6.20,3.30
2008.05.23 02:25:53.933,1.6218,1.6221,6.20,6.20
2008.05.23 02:26:00.691,1.6218,1.6221,6.20,3.30
2008.05.23 02:26:00.766,1.6218,1.6221,9.10,3.30
2008.05.23 02:26:04.533,1.6218,1.6221,6.20,6.20
2008.05.23 02:26:04.965,1.6218,1.6221,9.10,3.30
2008.05.23 02:26:05.190,1.6218,1.6221,6.20,3.30
2008.05.23 02:26:05.415,1.6218,1.6221,6.20,6.20
2008.05.23 02:26:12.443,1.6218,1.6221,6.20,3.30
2008.05.23 02:26:12.555,1.6218,1.6221,6.20,6.20
2008.05.23 02:26:13.672,1.6218,1.6221,6.20,3.30
2008.05.23 02:26:13.792,1.6218,1.6221,6.20,6.20
2008.05.23 02:26:14.294,1.6218,1.6221,9.10,3.30
2008.05.23 02:26:14.413,1.6218,1.6221,6.20,3.30
2008.05.23 02:26:14.532,1.6218,1.6221,9.10,3.30
2008.05.23 02:26:18.436,1.6218,1.6221,6.20,6.20
2008.05.23 02:26:18.521,1.6218,1.6221,9.10,3.30
2008.05.23 02:26:18.751,1.6218,1.6221,6.20,6.20
2008.05.23 02:26:18.921,1.6218,1.6221,9.10,3.30
2008.05.23 02:26:19.016,1.6218,1.6221,6.20,6.20
2008.05.23 02:26:19.185,1.6218,1.6221,6.20,3.30
2008.05.23 02:26:19.355,1.6218,1.6221,6.20,6.20
2008.05.23 02:26:21.419,1.6218,1.6221,6.20,3.30
2008.05.23 02:26:21.507,1.6218,1.6221,9.10,3.30
2008.05.23 02:26:21.710,1.6218,1.6221,6.20,3.30
2008.05.23 02:26:21.798,1.6218,1.6221,6.20,6.20
2008.05.23 02:26:21.929,1.6218,1.6221,9.10,3.30
2008.05.23 02:26:30.667,1.6218,1.6221,6.20,3.30
2008.05.23 02:26:30.878,1.6218,1.6221,9.10,3.30
2008.05.23 02:26:31.131,1.6218,1.6221,6.20,3.30
2008.05.23 02:26:31.259,1.6218,1.6221,9.10,3.30
2008.05.23 02:26:33.635,1.6218,1.6221,6.20,3.30
2008.05.23 02:26:33.836,1.6218,1.6221,9.10,3.30
2008.05.23 02:26:36.699,1.6218,1.6221,6.20,3.30
2008.05.23 02:26:36.782,1.6218,1.6221,6.20,6.20
2008.05.23 02:26:45.844,1.6218,1.6221,9.10,3.30
2008.05.23 02:26:46.021,1.6218,1.6221,6.20,3.30
2008.05.23 02:26:46.097,1.6218,1.6221,6.20,6.20
2008.05.23 02:26:47.693,1.6218,1.6221,6.20,3.30
2008.05.23 02:26:47.785,1.6218,1.6221,9.10,3.30
2008.05.23 02:26:47.918,1.6218,1.6221,6.20,3.30
2008.05.23 02:26:47.991,1.6218,1.6221,9.10,3.30
2008.05.23 02:26:48.426,1.6218,1.6221,6.20,3.30
2008.05.23 02:26:48.518,1.6218,1.6221,9.10,3.30
2008.05.23 02:26:50.950,1.6218,1.6221,6.20,6.20
2008.05.23 02:26:51.996,1.6218,1.6221,9.10,3.30
2008.05.23 02:26:52.434,1.6218,1.6221,6.20,3.30
2008.05.23 02:26:52.519,1.6218,1.6221,6.20,6.20
2008.05.23 02:26:52.938,1.6219,1.6221,4.80,6.20
2008.05.23 02:26:52.968,1.6219,1.6221,5.10,6.20
2008.05.23 02:26:53.055,1.6219,1.6221,5.10,3.30
2008.05.23 02:26:53.127,1.6219,1.6221,5.10,0.60
2008.05.23 02:26:53.259,1.6219,1.6221,5.10,3.30
2008.05.23 02:26:53.438,1.6219,1.6221,5.10,0.60
2008.05.23 02:26:54.930,1.6219,1.6221,4.80,0.60
2008.05.23 02:26:55.105,1.6218,1.6221,9.10,0.60
2008.05.23 02:26:56.747,1.6218,1.6221,6.20,3.30
2008.05.23 02:26:56.865,1.6218,1.6221,6.20,6.20
2008.05.23 02:26:56.939,1.6218,1.6221,9.10,3.30
2008.05.23 02:26:57.159,1.6218,1.6221,6.20,6.20
2008.05.23 02:26:57.253,1.6218,1.6221,9.10,3.30
2008.05.23 02:26:57.351,1.6218,1.6221,6.20,3.30
2008.05.23 02:26:57.447,1.6218,1.6221,6.20,6.20
2008.05.23 02:26:58.401,1.6218,1.6221,9.10,3.30
2008.05.23 02:26:59.455,1.6218,1.6221,6.20,6.20
2008.05.23 02:27:02.242,1.6218,1.6221,6.20,3.30
2008.05.23 02:27:02.312,1.6218,1.6221,6.20,6.20
2008.05.23 02:27:04.435,1.6218,1.6221,9.10,3.30
2008.05.23 02:27:07.400,1.6218,1.6221,6.20,6.20
2008.05.23 02:27:20.138,1.6218,1.6221,9.10,3.30
2008.05.23 02:27:22.821,1.6218,1.6221,6.20,6.20
2008.05.23 02:27:24.492,1.6218,1.6221,9.10,3.30
2008.05.23 02:27:24.790,1.6218,1.6221,6.20,3.30
2008.05.23 02:27:25.088,1.6218,1.6221,3.30,6.20
2008.05.23 02:27:25.237,1.6218,1.6221,6.20,3.30
2008.05.23 02:27:25.596,1.6218,1.6221,3.30,6.20
2008.05.23 02:27:27.198,1.6218,1.6221,6.20,3.30
2008.05.23 02:27:27.662,1.6218,1.6221,3.30,6.20
2008.05.23 02:27:27.984,1.6218,1.6221,6.20,3.30
2008.05.23 02:27:29.642,1.6218,1.6221,3.30,6.20
2008.05.23 02:27:37.193,1.6218,1.6221,6.20,6.20
2008.05.23 02:27:39.127,1.6218,1.6221,9.10,3.30
2008.05.23 02:27:39.257,1.6218,1.6221,6.20,6.20
2008.05.23 02:27:39.514,1.6218,1.6221,6.20,3.30
2008.05.23 02:27:39.644,1.6218,1.6221,9.10,3.30
2008.05.23 02:27:44.480,1.6218,1.6221,6.20,6.20
2008.05.23 02:27:46.004,1.6218,1.6221,6.20,3.30
2008.05.23 02:27:46.151,1.6218,1.6221,9.10,3.30
2008.05.23 02:27:46.445,1.6218,1.6221,6.20,3.30
2008.05.23 02:27:46.593,1.6218,1.6221,6.20,6.20
2008.05.23 02:27:55.435,1.6219,1.6221,0.40,6.20
2008.05.23 02:27:55.559,1.6219,1.6221,5.10,3.30
2008.05.23 02:27:56.177,1.6219,1.6221,4.80,0.60
2008.05.23 02:27:56.302,1.6218,1.6221,6.20,3.30
2008.05.23 02:27:56.426,1.6218,1.6221,6.20,0.60
2008.05.23 02:27:56.550,1.6218,1.6221,6.20,3.30
2008.05.23 02:27:57.686,1.6218,1.6221,9.10,0.60
2008.05.23 02:28:00.286,1.6218,1.6221,6.20,3.30
2008.05.23 02:28:01.451,1.6219,1.6221,0.40,0.60
2008.05.23 02:28:01.585,1.6219,1.6221,5.10,0.60
2008.05.23 02:28:02.068,1.6219,1.6221,5.10,3.30
2008.05.23 02:28:05.678,1.6218,1.6221,6.20,0.60
2008.05.23 02:28:05.890,1.6218,1.6221,6.20,3.30
2008.05.23 02:28:06.098,1.6218,1.6221,9.10,0.60
2008.05.23 02:28:06.708,1.6218,1.6221,6.20,0.60
2008.05.23 02:28:06.843,1.6218,1.6221,9.10,0.60
2008.05.23 02:28:07.244,1.6218,1.6221,5.70,1.40
2008.05.23 02:28:07.328,1.6218,1.6221,5.70,9.10
2008.05.23 02:28:07.497,1.6218,1.6221,2.80,9.10
2008.05.23 02:28:07.665,1.62175,1.622,3.60,0.60
2008.05.23 02:28:08.031,1.6219,1.622,5.10,0.60
2008.05.23 02:28:12.673,1.6219,1.622,4.80,0.60
2008.05.23 02:28:12.743,1.62175,1.622,3.60,0.60
2008.05.23 02:28:20.502,1.62175,1.6219,0.70,4.80
2008.05.23 02:28:21.099,1.62185,1.622,0.70,5.20
2008.05.23 02:28:30.956,1.6218,1.622,3.80,4.80
2008.05.23 02:28:31.061,1.6218,1.622,3.30,4.80
2008.05.23 02:28:31.343,1.6218,1.622,0.60,4.80
2008.05.23 02:28:32.086,1.62175,1.622,0.70,11.00
2008.05.23 02:28:32.258,1.62175,1.622,0.70,12.00
2008.05.23 02:28:32.786,1.62175,1.622,0.70,9.10
2008.05.23 02:28:33.100,1.62175,1.622,0.70,10.00
2008.05.23 02:28:33.194,1.6218,1.622,0.60,0.90
2008.05.23 02:28:33.360,1.6218,1.62205,0.60,2.80
2008.05.23 02:28:59.517,1.6218,1.62205,3.30,2.80
2008.05.23 02:28:59.601,1.6218,1.6221,3.30,6.20
2008.05.23 02:28:59.694,1.6218,1.6221,0.60,9.10
2008.05.23 02:28:59.945,1.6218,1.6221,3.30,6.20
2008.05.23 02:29:00.358,1.6218,1.6221,6.20,3.30
2008.05.23 02:29:01.670,1.6218,1.6221,3.30,3.30
2008.05.23 02:29:01.833,1.6218,1.6221,6.20,3.30
2008.05.23 02:29:03.195,1.6218,1.6221,3.30,6.20
2008.05.23 02:29:03.681,1.6218,1.6221,6.20,3.30
2008.05.23 02:29:06.166,1.6218,1.6221,3.30,6.20
2008.05.23 02:29:09.219,1.6218,1.6221,6.20,3.30
2008.05.23 02:29:09.963,1.6218,1.6221,3.30,6.20
2008.05.23 02:29:11.554,1.6218,1.6221,6.20,6.20
2008.05.23 02:29:12.637,1.6218,1.6221,9.10,3.30
2008.05.23 02:29:13.148,1.6218,1.6221,6.20,6.20
2008.05.23 02:29:17.017,1.6218,1.6221,9.10,3.30
2008.05.23 02:29:17.125,1.6218,1.6221,6.20,6.20
2008.05.23 02:29:18.715,1.6218,1.6221,6.20,3.30
2008.05.23 02:29:18.800,1.6218,1.6221,9.10,3.30
2008.05.23 02:29:22.674,1.6218,1.6221,6.20,6.20
2008.05.23 02:29:23.208,1.6218,1.6221,9.10,3.30
2008.05.23 02:29:23.380,1.6218,1.6221,6.20,6.20
2008.05.23 02:29:23.723,1.6218,1.6221,6.20,3.30
2008.05.23 02:29:23.905,1.6218,1.6221,9.10,3.30
2008.05.23 02:29:24.646,1.6218,1.6221,6.20,6.20
2008.05.23 02:29:24.770,1.6218,1.6221,9.10,3.30
2008.05.23 02:29:31.218,1.6218,1.6221,6.20,6.20
2008.05.23 02:29:36.944,1.6218,1.6221,9.10,3.30
2008.05.23 02:29:38.486,1.6218,1.6221,6.20,6.20
2008.05.23 02:29:38.754,1.6218,1.6221,9.10,3.30
2008.05.23 02:29:40.723,1.6218,1.6221,6.20,6.20
2008.05.23 02:29:41.441,1.6218,1.6221,9.10,3.30
2008.05.23 02:29:42.748,1.6218,1.6221,6.20,6.20
2008.05.23 02:29:52.853,1.6218,1.6221,6.20,3.30
2008.05.23 02:29:53.012,1.6218,1.6221,6.20,6.20
2008.05.23 02:30:08.109,1.6218,1.6221,9.10,3.30
2008.05.23 02:31:25.739,1.6218,1.6221,6.20,3.30
2008.05.23 02:31:25.829,1.6218,1.6221,9.10,3.30
2008.05.23 02:31:25.918,1.6218,1.6221,6.20,6.20
2008.05.23 02:31:31.059,1.6218,1.6221,3.30,13.90
2008.05.23 02:31:31.133,1.6218,1.6221,3.30,15.80
2008.05.23 02:31:31.280,1.6218,1.6221,0.60,18.70
2008.05.23 02:31:41.820,1.6218,1.62205,0.60,2.80
2008.05.23 02:32:28.034,1.6217,1.622,2.80,3.30
2008.05.23 02:32:28.128,1.6216,1.622,14.20,3.30
2008.05.23 02:32:33.773,1.6216,1.622,17.10,0.60
2008.05.23 02:32:34.241,1.6216,1.622,16.80,0.60
2008.05.23 02:32:34.294,1.6216,1.622,12.00,0.60
2008.05.23 02:32:34.456,1.6216,1.622,17.10,0.60
2008.05.23 02:32:34.549,1.6216,1.622,14.20,3.30
2008.05.23 02:32:35.220,1.6216,1.622,9.10,3.30
2008.05.23 02:32:37.685,1.6216,1.622,12.30,0.60
2008.05.23 02:32:37.996,1.6216,1.622,14.20,3.30
2008.05.23 02:32:41.889,1.6216,1.622,14.20,6.20
2008.05.23 02:33:00.341,1.6216,1.622,9.10,6.20
2008.05.23 02:33:05.157,1.6216,1.622,9.10,3.30
2008.05.23 02:33:05.300,1.6216,1.622,9.10,6.20
2008.05.23 02:33:29.951,1.6216,1.622,9.10,5.20
2008.05.23 02:33:30.091,1.6216,1.6218,5.70,4.80
2008.05.23 02:33:30.261,1.6216,1.6218,3.70,19.20
2008.05.23 02:33:30.431,1.6216,1.62205,8.50,0.40
2008.05.23 02:33:30.769,1.6216,1.622,8.50,9.10
2008.05.23 02:33:31.752,1.6216,1.622,8.10,9.10
2008.05.23 02:33:31.957,1.6216,1.622,3.30,9.10
2008.05.23 02:33:34.424,1.6216,1.622,3.70,9.10
2008.05.23 02:33:34.458,1.6216,1.622,8.50,9.10
2008.05.23 02:33:35.359,1.6216,1.6219,3.30,4.80
2008.05.23 02:33:35.609,1.6216,1.6219,9.10,4.80
2008.05.23 02:33:36.107,1.6216,1.622,11.40,9.10
2008.05.23 02:33:36.452,1.6216,1.622,14.20,6.20
2008.05.23 02:33:36.574,1.6216,1.622,11.40,9.10
2008.05.23 02:33:38.398,1.6216,1.622,11.40,6.20
2008.05.23 02:33:38.500,1.6216,1.6219,11.40,4.80
2008.05.23 02:33:38.746,1.6216,1.6219,14.20,4.80
2008.05.23 02:33:41.987,1.6216,1.6219,14.20,7.60
2008.05.23 02:33:48.466,1.6216,1.6219,11.40,7.60
2008.05.23 02:33:48.499,1.6216,1.6219,14.20,7.60
2008.05.23 02:33:50.409,1.6216,1.6219,11.40,7.60
2008.05.23 02:34:01.169,1.6216,1.6219,11.40,11.00
2008.05.23 02:34:07.619,1.6216,1.6219,11.40,8.10
2008.05.23 02:34:07.680,1.6216,1.6219,11.40,7.60
2008.05.23 02:34:18.974,1.6216,1.6219,11.40,2.80
2008.05.23 02:34:19.232,1.6216,1.6219,14.20,2.80
2008.05.23 02:34:19.432,1.6216,1.622,14.20,20.60
2008.05.23 02:34:19.490,1.6216,1.622,14.20,6.20
2008.05.23 02:34:19.755,1.6216,1.622,11.40,9.10
2008.05.23 02:34:33.066,1.6216,1.622,14.20,6.20
2008.05.23 02:34:34.445,1.6216,1.6219,14.20,4.80
2008.05.23 02:34:34.653,1.6216,1.6219,11.40,4.80
2008.05.23 02:34:34.964,1.6216,1.6219,14.20,4.80
2008.05.23 02:34:35.292,1.6216,1.6219,11.40,4.80
2008.05.23 02:34:35.802,1.6216,1.6219,14.20,4.80
2008.05.23 02:34:42.098,1.6216,1.6219,14.20,7.60
2008.05.23 02:34:47.536,1.6216,1.6219,6.20,7.60
2008.05.23 02:34:48.315,1.6216,1.6219,6.20,10.50
2008.05.23 02:34:48.399,1.6216,1.6218,6.20,4.80
2008.05.23 02:34:48.557,1.6216,1.6218,3.30,4.80
2008.05.23 02:34:48.751,1.6216,1.6218,0.60,4.80
2008.05.23 02:34:52.773,1.6216,1.6219,0.60,10.50
2008.05.23 02:34:52.950,1.6216,1.6219,3.30,7.60
2008.05.23 02:34:56.243,1.6216,1.6218,0.60,4.80
2008.05.23 02:35:02.304,1.6216,1.6219,5.60,18.70
2008.05.23 02:35:04.974,1.6216,1.6219,5.60,15.80
2008.05.23 02:35:12.114,1.6216,1.62185,5.60,2.80
2008.05.23 02:35:15.222,1.6216,1.6219,5.60,5.20
2008.05.23 02:35:15.236,1.6216,1.6219,5.60,2.80
2008.05.23 02:35:15.426,1.6216,1.622,8.50,9.10
2008.05.23 02:35:27.841,1.6216,1.622,11.40,6.20
2008.05.23 02:35:41.415,1.6216,1.6219,8.50,4.80
2008.05.23 02:35:41.555,1.6216,1.6219,11.40,4.80
2008.05.23 02:35:41.624,1.6216,1.6219,11.40,7.60
2008.05.23 02:35:42.033,1.6216,1.6219,11.40,8.10
2008.05.23 02:35:46.654,1.6216,1.6219,11.40,0.60
2008.05.23 02:35:46.707,1.6216,1.622,11.40,28.30
2008.05.23 02:35:46.785,1.6216,1.622,11.40,12.00
2008.05.23 02:35:46.996,1.6216,1.622,11.40,9.10
2008.05.23 02:35:49.665,1.6216,1.622,14.20,6.20
2008.05.23 02:35:49.762,1.6216,1.622,11.40,9.10
2008.05.23 02:35:49.862,1.6216,1.622,11.40,6.20
2008.05.23 02:35:49.961,1.6216,1.622,11.40,9.10
2008.05.23 02:35:50.468,1.6216,1.622,14.20,6.20
2008.05.23 02:35:56.204,1.6216,1.622,11.40,6.20
2008.05.23 02:35:56.355,1.6216,1.622,14.20,6.20
2008.05.23 02:35:57.153,1.6216,1.622,11.40,9.10
2008.05.23 02:35:57.268,1.6216,1.622,14.20,6.20
2008.05.23 02:36:01.149,1.6216,1.622,11.40,6.20
2008.05.23 02:36:01.257,1.6216,1.622,14.20,6.20
2008.05.23 02:36:01.345,1.6216,1.622,13.90,6.20
2008.05.23 02:36:01.400,1.6216,1.6219,9.10,4.80
2008.05.23 02:36:01.455,1.6216,1.6219,6.20,4.80
2008.05.23 02:36:01.697,1.6216,1.6219,9.10,4.80
2008.05.23 02:36:01.912,1.6216,1.6219,6.20,4.80
2008.05.23 02:36:03.545,1.6216,1.6219,9.10,4.80
2008.05.23 02:36:04.735,1.6216,1.6219,6.20,4.80
2008.05.23 02:36:04.851,1.6216,1.6218,6.20,4.80
2008.05.23 02:36:05.414,1.6216,1.6218,3.30,4.80
2008.05.23 02:36:05.503,1.6216,1.6219,6.20,7.60
2008.05.23 02:36:05.851,1.6216,1.6219,3.30,7.60
2008.05.23 02:36:06.314,1.6216,1.6219,6.20,7.60
2008.05.23 02:36:06.761,1.6216,1.6219,3.30,7.60
2008.05.23 02:36:11.281,1.6216,1.6219,6.20,7.60
2008.05.23 02:36:12.176,1.6216,1.6219,9.10,7.60
2008.05.23 02:36:15.869,1.6216,1.6219,9.10,4.80
2008.05.23 02:36:15.978,1.6216,1.6219,6.20,4.80
2008.05.23 02:36:16.088,1.6216,1.6219,9.10,4.80
2008.05.23 02:36:16.226,1.6216,1.622,9.10,6.20
2008.05.23 02:36:16.662,1.6216,1.622,9.40,6.20
2008.05.23 02:36:16.835,1.6216,1.622,14.20,6.20
2008.05.23 02:36:17.005,1.6216,1.622,11.40,9.10
2008.05.23 02:36:17.540,1.6216,1.622,14.20,6.20
2008.05.23 02:36:18.017,1.6216,1.622,11.40,9.10
2008.05.23 02:36:20.420,1.6216,1.622,11.40,6.20
2008.05.23 02:36:20.539,1.6216,1.622,11.40,9.10
2008.05.23 02:36:24.264,1.6216,1.622,11.00,9.10
2008.05.23 02:36:24.365,1.6216,1.622,6.20,9.10
2008.05.23 02:36:24.566,1.6216,1.622,9.10,6.20
2008.05.23 02:36:24.764,1.6216,1.622,6.20,9.10
2008.05.23 02:36:26.092,1.6216,1.622,9.10,6.20
2008.05.23 02:36:26.922,1.6216,1.622,13.90,6.20
2008.05.23 02:36:26.963,1.6216,1.622,14.20,6.20
2008.05.23 02:36:27.331,1.6216,1.622,11.40,9.10
2008.05.23 02:36:27.477,1.6216,1.622,14.20,6.20
2008.05.23 02:36:30.617,1.6216,1.622,11.40,9.10
2008.05.23 02:36:30.727,1.6216,1.622,14.20,6.20
2008.05.23 02:36:41.089,1.6216,1.622,11.40,9.10
2008.05.23 02:36:41.653,1.6216,1.622,14.20,6.20
2008.05.23 02:36:42.929,1.6216,1.622,11.40,9.10
2008.05.23 02:36:43.076,1.6216,1.622,14.20,6.20
2008.05.23 02:36:43.548,1.6216,1.622,11.40,9.10
2008.05.23 02:36:44.373,1.6216,1.622,11.40,6.20
2008.05.23 02:36:44.559,1.6216,1.622,11.40,9.10
2008.05.23 02:36:45.026,1.6216,1.622,14.20,6.20
2008.05.23 02:36:47.147,1.6216,1.622,11.40,9.10
2008.05.23 02:36:47.283,1.6216,1.622,14.20,6.20
2008.05.23 02:36:47.404,1.6216,1.622,11.40,6.20
2008.05.23 02:36:47.460,1.6216,1.622,14.20,6.20
2008.05.23 02:36:49.051,1.6216,1.622,11.40,9.10
2008.05.23 02:36:52.179,1.62165,1.622,2.80,9.10
2008.05.23 02:36:52.425,1.6218,1.622,0.40,9.10
2008.05.23 02:36:52.489,1.6218,1.622,5.10,9.10
2008.05.23 02:36:52.698,1.6218,1.622,5.10,6.20
2008.05.23 02:36:56.947,1.6218,1.622,5.10,3.30
2008.05.23 02:36:57.031,1.62165,1.622,2.80,3.30
2008.05.23 02:36:57.149,1.6216,1.622,14.20,3.30
2008.05.23 02:36:58.649,1.6216,1.622,11.40,3.30
2008.05.23 02:36:58.774,1.6216,1.622,14.20,6.20
2008.05.23 02:37:00.205,1.6217,1.622,0.80,3.30
2008.05.23 02:37:00.254,1.6218,1.622,5.10,3.30
2008.05.23 02:37:02.100,1.62155,1.622,0.90,3.30
2008.05.23 02:37:02.579,1.6216,1.622,14.20,17.70
2008.05.23 02:37:03.500,1.6216,1.622,14.20,6.20
2008.05.23 02:37:03.701,1.6217,1.622,0.80,9.10
2008.05.23 02:37:03.760,1.6218,1.622,5.10,9.10
2008.05.23 02:37:04.024,1.6218,1.622,5.10,6.20
2008.05.23 02:37:05.949,1.6218,1.622,0.40,6.20
2008.05.23 02:37:06.079,1.62165,1.622,2.80,6.20
2008.05.23 02:37:09.145,1.6217,1.622,5.10,6.20
2008.05.23 02:37:09.532,1.6217,1.622,5.10,9.10
2008.05.23 02:37:09.652,1.6217,1.622,5.10,6.20
2008.05.23 02:37:09.759,1.6217,1.622,4.80,6.20
2008.05.23 02:37:09.898,1.62165,1.622,2.80,6.20
2008.05.23 02:37:10.063,1.62165,1.622,2.80,9.10
2008.05.23 02:37:11.169,1.62165,1.622,2.80,6.20
2008.05.23 02:37:13.104,1.62165,1.622,2.80,9.10
2008.05.23 02:37:17.664,1.6217,1.622,0.40,6.20
2008.05.23 02:37:17.724,1.6217,1.622,5.10,9.10
2008.05.23 02:37:18.629,1.6217,1.622,5.10,6.20
2008.05.23 02:37:19.060,1.6217,1.622,5.10,9.10
2008.05.23 02:37:22.893,1.6217,1.622,5.10,6.20
2008.05.23 02:37:23.011,1.6217,1.622,5.10,9.10
2008.05.23 02:37:26.198,1.6217,1.622,8.00,9.10
2008.05.23 02:37:27.747,1.6217,1.622,7.60,9.10
2008.05.23 02:37:35.319,1.6216,1.622,14.20,6.20
2008.05.23 02:37:39.684,1.6216,1.622,11.40,9.10
2008.05.23 02:37:42.401,1.62165,1.622,2.80,9.10
2008.05.23 02:37:43.385,1.62165,1.622,2.80,6.20
2008.05.23 02:37:43.474,1.6217,1.622,0.40,6.20
2008.05.23 02:37:43.544,1.6217,1.622,0.40,3.30
2008.05.23 02:37:43.645,1.6217,1.622,5.10,3.30
2008.05.23 02:37:43.751,1.6217,1.622,10.90,3.30
2008.05.23 02:37:44.042,1.6217,1.622,11.40,3.30
2008.05.23 02:37:45.715,1.6217,1.622,8.10,6.20
2008.05.23 02:37:45.855,1.6217,1.622,3.30,6.20
2008.05.23 02:37:49.478,1.6217,1.622,8.50,6.20
2008.05.23 02:37:49.616,1.6217,1.622,11.40,3.30
2008.05.23 02:37:49.822,1.6217,1.622,8.50,3.30
2008.05.23 02:37:49.892,1.6217,1.622,11.40,3.30
2008.05.23 02:37:57.054,1.6217,1.622,11.00,3.30
2008.05.23 02:37:57.130,1.6217,1.622,6.20,3.30
2008.05.23 02:37:57.215,1.6217,1.622,3.30,3.30
2008.05.23 02:37:57.291,1.6217,1.622,6.20,3.30
2008.05.23 02:37:57.466,1.6217,1.622,3.30,6.20
2008.05.23 02:37:57.540,1.6217,1.622,6.20,3.30
2008.05.23 02:37:57.644,1.6217,1.622,3.30,3.30
2008.05.23 02:37:57.720,1.6217,1.622,3.30,6.20
2008.05.23 02:38:03.235,1.6217,1.622,6.20,6.20
2008.05.23 02:38:06.959,1.6217,1.622,9.10,3.30
2008.05.23 02:38:11.127,1.6217,1.622,6.20,6.20
2008.05.23 02:38:29.928,1.6217,1.622,9.10,3.30
2008.05.23 02:38:30.017,1.6217,1.622,13.90,3.30
2008.05.23 02:38:30.089,1.6217,1.622,14.20,3.30
2008.05.23 02:38:30.261,1.6217,1.622,11.40,6.20
2008.05.23 02:38:30.758,1.6217,1.622,14.20,3.30
2008.05.23 02:38:35.416,1.6217,1.622,13.90,3.30
2008.05.23 02:38:35.536,1.6217,1.622,6.20,3.30
2008.05.23 02:38:36.835,1.6217,1.62195,6.20,2.80
2008.05.23 02:38:54.406,1.6217,1.62195,3.30,2.80
2008.05.23 02:38:54.527,1.6217,1.622,6.20,3.30
2008.05.23 02:38:59.508,1.6217,1.622,8.50,6.20
2008.05.23 02:39:00.192,1.6217,1.622,8.50,3.30
2008.05.23 02:39:00.329,1.6217,1.622,11.40,3.30
2008.05.23 02:39:02.417,1.6217,1.622,11.00,3.30
2008.05.23 02:39:02.616,1.6217,1.6219,6.20,4.80
2008.05.23 02:39:08.205,1.6217,1.6219,3.30,4.80
2008.05.23 02:39:08.660,1.6217,1.6219,6.20,4.80
2008.05.23 02:39:09.233,1.6217,1.6219,3.30,4.80
2008.05.23 02:39:12.679,1.6217,1.6219,3.70,4.80
2008.05.23 02:39:12.784,1.6217,1.622,8.50,6.20
2008.05.23 02:39:13.172,1.6217,1.622,11.40,3.30
2008.05.23 02:39:13.330,1.6217,1.622,8.50,6.20
2008.05.23 02:39:13.799,1.6217,1.622,11.40,3.30
2008.05.23 02:39:26.746,1.6217,1.622,8.50,6.20
2008.05.23 02:39:26.905,1.6217,1.622,8.50,3.30
2008.05.23 02:39:27.062,1.6217,1.622,8.50,6.20
2008.05.23 02:39:37.674,1.6217,1.622,11.40,3.30
2008.05.23 02:39:42.520,1.6217,1.622,14.20,3.30
2008.05.23 02:39:46.397,1.6217,1.622,11.40,6.20
2008.05.23 02:39:46.577,1.6217,1.6219,2.80,4.80
2008.05.23 02:39:46.722,1.6217,1.6219,2.80,8.10
2008.05.23 02:39:46.867,1.62165,1.6219,0.70,9.10
2008.05.23 02:39:47.296,1.62165,1.6219,0.70,10.00
2008.05.23 02:39:52.675,1.6217,1.6219,5.10,1.40
2008.05.23 02:39:52.793,1.6217,1.622,5.60,9.10
2008.05.23 02:39:52.910,1.6217,1.622,8.50,6.20
2008.05.23 02:39:53.144,1.6217,1.622,11.40,3.30
2008.05.23 02:40:00.930,1.6217,1.622,8.50,6.20
2008.05.23 02:40:04.473,1.6217,1.622,11.40,3.30
2008.05.23 02:40:04.498,1.6217,1.622,8.50,6.20
2008.05.23 02:40:12.455,1.6217,1.622,11.40,3.30
2008.05.23 02:40:12.596,1.6217,1.622,14.20,3.30
2008.05.23 02:40:12.973,1.6217,1.622,11.40,6.20
2008.05.23 02:40:13.680,1.6217,1.622,11.40,3.30
2008.05.23 02:40:13.749,1.6217,1.622,11.40,6.20
2008.05.23 02:40:13.887,1.6217,1.622,14.20,3.30
2008.05.23 02:40:14.163,1.6217,1.622,11.40,6.20
2008.05.23 02:40:14.233,1.6217,1.622,10.90,9.10
2008.05.23 02:40:14.333,1.6217,1.622,8.00,14.80
2008.05.23 02:40:14.441,1.6217,1.622,5.10,17.70
2008.05.23 02:40:14.645,1.6217,1.6219,5.10,0.60
2008.05.23 02:40:58.206,1.6217,1.62195,5.60,2.80
2008.05.23 02:40:58.241,1.6217,1.62195,8.50,2.80
2008.05.23 02:40:58.572,1.6217,1.622,8.50,6.20
2008.05.23 02:40:58.739,1.6217,1.622,11.40,3.30
2008.05.23 02:41:00.559,1.6217,1.622,8.50,6.20
2008.05.23 02:41:01.036,1.6217,1.622,11.40,3.30
2008.05.23 02:41:08.629,1.6217,1.622,10.90,3.30
2008.05.23 02:41:08.683,1.6217,1.622,8.00,6.20
2008.05.23 02:41:08.730,1.6217,1.622,8.00,11.00
2008.05.23 02:41:08.744,1.6217,1.622,8.00,14.80
2008.05.23 02:41:08.835,1.6217,1.622,5.10,17.70
2008.05.23 02:41:09.024,1.6217,1.622,5.10,18.70
2008.05.23 02:41:09.153,1.6217,1.6219,5.10,0.60
2008.05.23 02:41:17.631,1.6217,1.622,5.10,18.70
2008.05.23 02:41:17.747,1.6217,1.622,8.50,11.00
2008.05.23 02:41:17.762,1.6217,1.622,8.50,6.20
2008.05.23 02:41:17.938,1.6217,1.622,11.40,3.30
2008.05.23 02:41:18.653,1.6217,1.622,11.00,3.30
2008.05.23 02:41:18.680,1.6217,1.622,2.80,9.10
2008.05.23 02:41:18.772,1.6217,1.6219,2.80,4.80
2008.05.23 02:41:18.791,1.6217,1.6219,2.80,5.70
2008.05.23 02:41:18.883,1.62165,1.6219,0.70,5.70
2008.05.23 02:41:19.075,1.62165,1.6219,0.70,7.20
2008.05.23 02:41:19.094,1.62165,1.6219,0.70,10.00
2008.05.23 02:41:34.019,1.6216,1.6219,15.90,10.00
2008.05.23 02:41:34.092,1.62165,1.6219,0.70,10.00
2008.05.23 02:41:42.741,1.62165,1.6219,0.70,12.90
2008.05.23 02:42:21.744,1.6217,1.6219,0.40,12.90
2008.05.23 02:42:28.587,1.6217,1.6219,5.10,8.10
2008.05.23 02:42:35.072,1.6217,1.6219,5.10,11.00
2008.05.23 02:42:35.194,1.6217,1.6218,0.40,4.80
2008.05.23 02:42:35.314,1.62165,1.6218,0.70,4.80
2008.05.23 02:42:35.789,1.62165,1.6219,0.70,12.90
2008.05.23 02:42:35.910,1.6217,1.6219,4.80,8.10
2008.05.23 02:42:36.029,1.6217,1.6219,5.10,8.10
2008.05.23 02:42:37.467,1.6217,1.6219,5.60,0.90
2008.05.23 02:42:37.522,1.6217,1.622,5.60,9.10
2008.05.23 02:42:37.631,1.6217,1.622,8.50,6.20
2008.05.23 02:42:37.685,1.6217,1.622,8.50,3.30
2008.05.23 02:42:37.740,1.6217,1.622,8.00,6.20
2008.05.23 02:42:37.815,1.6217,1.622,3.20,9.10
2008.05.23 02:42:37.870,1.6217,1.622,2.80,6.20
2008.05.23 02:42:37.924,1.6216,1.622,14.20,6.20
2008.05.23 02:42:37.978,1.6216,1.622,11.40,9.10
2008.05.23 02:42:38.518,1.6216,1.622,11.40,6.20
2008.05.23 02:42:38.649,1.6216,1.622,14.20,6.20
2008.05.23 02:42:39.451,1.6216,1.622,11.40,6.20
2008.05.23 02:42:39.582,1.6216,1.622,14.20,6.20
2008.05.23 02:42:39.711,1.6216,1.622,11.40,9.10
2008.05.23 02:42:40.318,1.6216,1.6219,11.40,4.80
2008.05.23 02:42:40.691,1.6216,1.6219,11.40,5.20
2008.05.23 02:42:40.903,1.6216,1.6219,11.40,8.10
2008.05.23 02:42:42.358,1.6216,1.6219,11.40,11.00
2008.05.23 02:42:53.030,1.6216,1.6219,8.50,11.00
2008.05.23 02:42:53.125,1.6216,1.6219,8.50,12.90
2008.05.23 02:42:53.220,1.6216,1.6219,5.60,15.80
2008.05.23 02:42:54.178,1.6216,1.6219,5.60,16.80
2008.05.23 02:42:56.216,1.6216,1.6219,5.60,15.80
2008.05.23 02:42:56.673,1.6216,1.6219,5.10,33.10
2008.05.23 02:42:56.756,1.6216,1.6218,5.10,2.40
2008.05.23 02:42:57.223,1.6216,1.6218,5.10,3.30
2008.05.23 02:42:58.467,1.6216,1.6218,4.80,3.30
2008.05.23 02:42:58.901,1.6216,1.6218,5.10,3.30
2008.05.23 02:42:58.954,1.6216,1.6218,5.10,0.90
2008.05.23 02:42:59.084,1.6216,1.6218,5.60,0.90
2008.05.23 02:42:59.193,1.6216,1.6219,5.60,15.80
2008.05.23 02:43:06.460,1.6216,1.62185,5.60,2.80
2008.05.23 02:43:11.171,1.6216,1.6218,5.10,0.60
2008.05.23 02:43:11.226,1.6216,1.6218,5.10,3.30
2008.05.23 02:43:11.283,1.6216,1.6218,5.10,4.30
2008.05.23 02:43:12.000,1.6216,1.6218,5.10,5.20
2008.05.23 02:43:12.976,1.6216,1.6218,5.10,8.10
2008.05.23 02:43:13.533,1.6216,1.6218,5.10,5.20
2008.05.23 02:43:17.677,1.6216,1.6218,5.10,8.10
2008.05.23 02:43:17.878,1.6216,1.6218,5.10,7.20
2008.05.23 02:43:17.970,1.6216,1.6218,5.60,3.80
2008.05.23 02:43:18.179,1.6216,1.6218,5.10,3.30
2008.05.23 02:43:18.190,1.6216,1.6218,5.10,0.60
2008.05.23 02:43:27.726,1.6216,1.6218,5.10,3.30
2008.05.23 02:43:27.835,1.6216,1.6218,5.10,4.30
2008.05.23 02:43:28.053,1.6216,1.6218,5.10,5.20
2008.05.23 02:43:37.009,1.62155,1.6218,0.70,10.00
2008.05.23 02:43:37.409,1.6216,1.6218,4.80,7.20
2008.05.23 02:43:37.576,1.6216,1.6218,5.10,1.40
2008.05.23 02:43:37.845,1.6216,1.6218,5.10,0.60
2008.05.23 02:43:50.283,1.6216,1.6218,5.10,4.30
2008.05.23 02:43:51.090,1.6216,1.6218,5.10,5.20
2008.05.23 02:43:51.821,1.6216,1.6218,5.10,8.10
2008.05.23 02:44:17.445,1.6216,1.6218,0.40,12.90
2008.05.23 02:44:17.492,1.6215,1.6218,15.00,12.90
2008.05.23 02:44:17.618,1.6215,1.6218,10.40,12.90
2008.05.23 02:44:17.742,1.6215,1.6218,7.50,15.80
2008.05.23 02:44:21.310,1.6215,1.6218,7.50,18.70
2008.05.23 02:44:21.414,1.6215,1.6217,7.00,0.60
2008.05.23 02:44:21.479,1.6215,1.6217,7.00,3.30
2008.05.23 02:44:21.746,1.6215,1.6217,7.00,4.30
2008.05.23 02:44:22.029,1.6215,1.6217,7.00,5.20
2008.05.23 02:44:27.624,1.6215,1.6217,6.40,5.20
2008.05.23 02:44:27.860,1.6215,1.6217,1.30,10.00
2008.05.23 02:44:28.069,1.6215,1.6217,1.30,12.90
2008.05.23 02:44:28.581,1.6215,1.6217,1.30,15.80
2008.05.23 02:44:29.022,1.6215,1.6216,1.30,4.80
2008.05.23 02:44:29.316,1.6215,1.6217,1.30,18.70
2008.05.23 02:44:32.952,1.6215,1.6216,1.30,10.50
2008.05.23 02:44:33.063,1.6215,1.6216,1.30,15.80
2008.05.23 02:44:37.988,1.6215,1.6216,1.30,12.90
2008.05.23 02:44:38.576,1.6215,1.6216,1.30,10.00
2008.05.23 02:44:38.802,1.6215,1.6216,1.30,5.20
2008.05.23 02:44:38.902,1.6215,1.6216,1.30,11.00
2008.05.23 02:44:52.664,1.6215,1.6216,1.30,11.60
2008.05.23 02:44:52.788,1.6214,1.6215,0.60,5.70
2008.05.23 02:44:53.060,1.6214,1.6216,0.60,12.40
2008.05.23 02:44:53.184,1.6214,1.6216,0.60,10.50
2008.05.23 02:44:55.417,1.6214,1.6216,5.60,10.50
2008.05.23 02:44:55.523,1.6214,1.6216,5.60,5.70
2008.05.23 02:44:57.725,1.6214,1.6216,5.60,8.10
2008.05.23 02:44:59.130,1.6214,1.6216,5.60,5.20
2008.05.23 02:44:59.250,1.6214,1.6216,9.00,0.90
2008.05.23 02:44:59.306,1.6214,1.6217,13.80,2.80
2008.05.23 02:44:59.417,1.6214,1.6218,16.60,0.60
2008.05.23 02:44:59.606,1.6214,1.62205,18.30,0.40
2008.05.23 02:44:59.661,1.6214,1.622,21.20,11.10
2008.05.23 02:44:59.768,1.6214,1.622,18.30,14.00
2008.05.23 02:45:00.695,1.6214,1.622,21.20,11.10
2008.05.23 02:45:01.173,1.6214,1.622,24.10,11.10
2008.05.23 02:45:05.427,1.6214,1.622,21.20,14.00
2008.05.23 02:45:05.437,1.6214,1.622,21.20,13.90
2008.05.23 02:45:05.497,1.6214,1.622,21.20,14.00
2008.05.23 02:45:10.340,1.6214,1.622,21.20,13.90
2008.05.23 02:45:10.440,1.6214,1.622,24.10,11.00
2008.05.23 02:45:10.968,1.6214,1.622,21.20,13.90
2008.05.23 02:45:11.536,1.6214,1.6218,13.50,15.20
2008.05.23 02:45:11.718,1.6214,1.6217,11.80,8.10
2008.05.23 02:45:22.325,1.6214,1.6217,11.80,3.30
2008.05.23 02:45:22.495,1.6214,1.6217,11.80,8.10
2008.05.23 02:45:24.682,1.6214,1.6217,14.70,0.60
2008.05.23 02:45:24.851,1.6214,1.6218,19.50,3.30
2008.05.23 02:45:24.988,1.6214,1.6218,19.50,0.60
2008.05.23 02:45:25.203,1.6214,1.62205,22.40,0.40
2008.05.23 02:45:25.272,1.6214,1.622,24.10,11.00
2008.05.23 02:45:31.701,1.6214,1.622,21.20,13.90
2008.05.23 02:45:32.141,1.6215,1.622,1.60,13.90
2008.05.23 02:45:32.577,1.6215,1.622,1.60,11.00
2008.05.23 02:45:33.097,1.6215,1.622,1.60,13.90
2008.05.23 02:45:36.041,1.6215,1.622,1.60,9.20
2008.05.23 02:45:36.236,1.6215,1.6218,1.60,3.80
2008.05.23 02:45:36.306,1.6215,1.6217,1.60,4.80
2008.05.23 02:45:36.563,1.6214,1.6217,11.80,4.80
2008.05.23 02:45:36.700,1.6214,1.6217,11.80,7.60
2008.05.23 02:45:37.034,1.6214,1.6217,11.80,8.10
2008.05.23 02:45:42.046,1.6214,1.6217,11.80,3.30
2008.05.23 02:45:42.183,1.6214,1.6217,11.80,8.10
2008.05.23 02:45:42.648,1.6214,1.6217,14.70,8.10
2008.05.23 02:45:43.004,1.6215,1.6217,5.10,6.20
2008.05.23 02:45:43.114,1.6215,1.6217,5.10,3.30
2008.05.23 02:46:20.665,1.6215,1.6217,8.00,0.60
2008.05.23 02:46:20.789,1.62165,1.62175,0.90,2.80
2008.05.23 02:46:21.054,1.6217,1.6218,4.80,2.80
2008.05.23 02:46:21.212,1.6217,1.6218,5.10,2.80
2008.05.23 02:46:21.293,1.6217,1.6219,5.10,3.30
2008.05.23 02:46:42.542,1.62165,1.6219,0.90,8.10
2008.05.23 02:46:42.952,1.6216,1.6219,11.40,8.10
2008.05.23 02:46:43.166,1.62165,1.6219,2.80,8.10
2008.05.23 02:46:43.766,1.62165,1.6219,3.80,8.10
2008.05.23 02:46:45.727,1.62165,1.6218,3.80,4.80
2008.05.23 02:46:49.527,1.62165,1.6219,3.80,8.10
2008.05.23 02:46:49.920,1.6217,1.6219,5.10,8.10
2008.05.23 02:46:50.078,1.6217,1.6219,5.10,3.30
2008.05.23 02:47:26.489,1.6217,1.6219,4.80,3.30
2008.05.23 02:47:26.618,1.62165,1.6219,3.80,8.10
2008.05.23 02:47:37.697,1.6216,1.6218,6.20,4.80
2008.05.23 02:47:37.757,1.6216,1.6218,2.80,4.80
2008.05.23 02:47:38.050,1.6215,1.6218,9.10,4.80
2008.05.23 02:47:38.318,1.6215,1.6219,9.10,8.10
2008.05.23 02:47:38.694,1.6215,1.6219,9.10,11.00
2008.05.23 02:47:42.306,1.6215,1.6218,9.10,4.80
2008.05.23 02:48:53.333,1.6215,1.6218,14.20,4.80
2008.05.23 02:48:53.446,1.6215,1.6219,14.20,11.00
2008.05.23 02:49:05.992,1.6215,1.6219,13.90,16.80
2008.05.23 02:49:06.092,1.6215,1.6218,6.20,0.80
2008.05.23 02:49:06.195,1.6215,1.6217,6.60,4.80
2008.05.23 02:49:06.323,1.6215,1.62185,11.40,0.90
2008.05.23 02:49:06.392,1.6215,1.6219,11.40,11.00
2008.05.23 02:49:13.359,1.6215,1.6219,14.20,11.00
2008.05.23 02:49:13.653,1.6215,1.6219,11.40,11.00
2008.05.23 02:49:42.264,1.6215,1.6219,14.20,11.00
2008.05.23 02:49:42.810,1.6215,1.6219,14.20,6.20
2008.05.23 02:49:44.609,1.6215,1.6219,14.20,11.00
2008.05.23 02:49:52.837,1.6215,1.6219,14.20,6.20
2008.05.23 02:49:53.483,1.6215,1.6219,14.20,11.00
2008.05.23 02:50:19.024,1.6215,1.6219,14.20,6.20
2008.05.23 02:50:22.858,1.6215,1.6219,14.20,11.00
2008.05.23 02:50:27.734,1.6215,1.6219,14.20,6.20
2008.05.23 02:50:31.300,1.6215,1.6219,14.20,11.00
2008.05.23 02:50:36.028,1.6215,1.6219,14.20,6.20
2008.05.23 02:50:36.513,1.6215,1.6219,14.20,11.00
2008.05.23 02:50:37.078,1.6215,1.6218,10.90,2.80
2008.05.23 02:50:37.274,1.6215,1.6218,10.90,7.60
2008.05.23 02:50:37.470,1.6215,1.6218,14.20,4.80
2008.05.23 02:50:37.665,1.6215,1.6218,11.40,14.40
2008.05.23 02:50:37.860,1.6215,1.6219,11.40,11.00
2008.05.23 02:50:38.217,1.6215,1.6219,11.40,6.20
2008.05.23 02:50:43.441,1.62155,1.6219,2.80,6.20
2008.05.23 02:50:53.240,1.62155,1.6219,2.80,11.00
2008.05.23 02:50:53.374,1.6215,1.6219,14.20,11.00
2008.05.23 02:51:05.536,1.6215,1.6219,11.40,13.90
2008.05.23 02:51:05.736,1.6215,1.6218,8.50,7.60
2008.05.23 02:51:05.895,1.6215,1.6218,8.50,9.10
2008.05.23 02:51:05.949,1.6215,1.6218,5.60,12.00
2008.05.23 02:51:06.162,1.6215,1.6218,5.60,12.90
2008.05.23 02:51:06.270,1.6215,1.6218,8.50,12.90
2008.05.23 02:51:06.431,1.6215,1.6218,8.50,10.00
2008.05.23 02:51:06.486,1.6215,1.6218,8.50,7.60
2008.05.23 02:51:06.555,1.6215,1.6218,8.50,2.80
2008.05.23 02:51:06.688,1.6215,1.6219,11.40,11.00
2008.05.23 02:51:27.339,1.6215,1.6219,14.20,11.00
2008.05.23 02:51:37.715,1.6215,1.6219,14.20,6.20
2008.05.23 02:51:41.316,1.6215,1.6218,10.90,19.20
2008.05.23 02:51:41.416,1.6215,1.6217,10.90,3.80
2008.05.23 02:51:41.517,1.6215,1.6218,11.40,14.40
2008.05.23 02:51:41.646,1.6215,1.6218,8.50,17.20
2008.05.23 02:51:41.716,1.6215,1.6218,8.50,2.80
2008.05.23 02:51:42.018,1.6215,1.6219,11.40,6.20
2008.05.23 02:51:43.558,1.6215,1.6219,14.20,6.20
2008.05.23 02:51:47.268,1.6215,1.6219,14.20,11.00
2008.05.23 02:52:03.450,1.6215,1.6219,17.10,8.10
2008.05.23 02:52:03.545,1.62165,1.622,0.40,8.10
2008.05.23 02:52:03.640,1.6217,1.622,5.10,11.00
2008.05.23 02:52:03.767,1.62145,1.6219,1.10,8.10
2008.05.23 02:52:03.861,1.6215,1.6219,14.20,8.10
2008.05.23 02:52:13.583,1.6215,1.6219,14.20,11.00
2008.05.23 02:53:25.428,1.6215,1.6219,13.80,11.00
2008.05.23 02:53:25.608,1.6215,1.6218,8.00,17.20
2008.05.23 02:53:25.648,1.6215,1.6217,8.00,0.60
2008.05.23 02:53:25.687,1.6215,1.6217,8.00,3.30
2008.05.23 02:53:25.765,1.6215,1.6217,5.10,7.20
2008.05.23 02:53:25.910,1.6215,1.6217,8.00,4.30
2008.05.23 02:53:25.949,1.6215,1.6218,8.50,10.50
2008.05.23 02:53:25.991,1.6215,1.6218,8.50,2.80
2008.05.23 02:53:26.183,1.6215,1.6219,11.40,11.00
2008.05.23 02:53:28.162,1.6215,1.6219,8.50,13.90
2008.05.23 02:53:28.226,1.6215,1.6218,8.50,4.80
2008.05.23 02:53:28.307,1.6215,1.6218,11.40,4.80
2008.05.23 02:53:28.544,1.6215,1.6219,11.40,32.10
2008.05.23 02:53:28.623,1.6215,1.6218,11.40,3.30
2008.05.23 02:53:38.053,1.6215,1.6218,11.40,8.10
2008.05.23 02:53:43.662,1.6215,1.6218,11.40,11.00
2008.05.23 02:54:36.350,1.6215,1.6218,11.40,12.00
2008.05.23 02:54:36.425,1.6215,1.6218,8.50,12.00
2008.05.23 02:54:36.629,1.6215,1.6218,5.60,14.80
2008.05.23 02:54:37.107,1.6215,1.6218,5.60,15.80
2008.05.23 02:54:38.498,1.6215,1.6217,0.60,4.80
2008.05.23 02:54:39.043,1.6215,1.62175,5.60,2.80
2008.05.23 02:55:04.723,1.6215,1.6218,5.60,14.80
2008.05.23 02:55:04.763,1.6215,1.6218,5.60,13.90
2008.05.23 02:55:04.983,1.6215,1.6218,8.50,11.00
2008.05.23 02:55:08.072,1.6215,1.6218,8.50,6.20
2008.05.23 02:55:41.731,1.6215,1.6218,11.40,6.20
2008.05.23 02:55:42.254,1.6215,1.6218,11.40,11.00
2008.05.23 02:56:03.503,1.62098,1.62128,2.80,17.20
2008.05.23 02:56:13.418,1.62075,1.62115,5.10,4.80
2008.05.23 02:56:13.486,1.62063,1.62103,5.10,4.80
2008.05.23 02:56:13.555,1.62058,1.62098,14.70,14.40
2008.05.23 02:56:13.735,1.62061,1.62101,14.40,19.20
2008.05.23 02:56:13.804,1.62061,1.62111,14.40,19.20
2008.05.23 02:56:15.163,1.62048,1.62133,4.80,17.20
2008.05.23 02:56:15.237,1.62049,1.62139,17.20,14.40
2008.05.23 02:56:18.730,1.62089,1.62104,2.80,17.20
2008.05.23 02:56:18.845,1.62084,1.62119,2.80,17.20
2008.05.23 02:56:23.839,1.62073,1.62143,19.50,22.00
2008.05.23 02:56:23.888,1.62101,1.62121,5.10,2.80
2008.05.23 02:56:24.006,1.62095,1.62121,5.10,4.80
2008.05.23 02:56:24.271,1.62093,1.62123,0.40,4.80
2008.05.23 02:56:24.315,1.62096,1.62126,19.50,22.00
2008.05.23 02:56:28.742,1.6207,1.62155,2.80,22.00
2008.05.23 02:56:30.376,1.62069,1.62154,14.40,2.80
2008.05.23 02:56:30.440,1.62084,1.62134,14.40,2.80
2008.05.23 02:56:30.504,1.62086,1.62126,19.50,22.00
2008.05.23 02:56:30.570,1.62083,1.62123,0.40,4.80
2008.05.23 02:56:33.206,1.62077,1.62117,14.40,19.20
2008.05.23 02:56:34.498,1.62073,1.62113,19.50,2.80
2008.05.23 02:56:35.241,1.62078,1.62108,19.50,22.00
2008.05.23 02:56:35.313,1.62098,1.62112,2.80,0.10
2008.05.23 02:56:38.945,1.62117,1.62137,2.80,4.80
2008.05.23 02:56:39.074,1.62126,1.62146,7.60,14.40
2008.05.23 02:56:39.202,1.62111,1.62131,5.10,2.80
2008.05.23 02:56:39.276,1.62096,1.62116,5.10,0.10
2008.05.23 02:56:39.349,1.62073,1.62113,14.70,14.40
2008.05.23 02:56:39.876,1.62058,1.62098,19.50,22.00
2008.05.23 02:56:39.956,1.62051,1.62081,14.40,2.80
2008.05.23 02:56:40.244,1.62037,1.62087,14.40,22.00
2008.05.23 02:56:40.281,1.62044,1.62094,0.40,22.00
2008.05.23 02:56:40.979,1.6205,1.6211,14.40,2.80
2008.05.23 02:56:41.003,1.62062,1.62122,19.50,22.00
2008.05.23 02:56:41.101,1.62072,1.62132,19.50,14.40
2008.05.23 02:56:41.268,1.62077,1.62137,0.40,22.00
2008.05.23 02:56:43.375,1.62063,1.62153,2.80,14.40
2008.05.23 02:56:45.623,1.62083,1.62128,19.50,22.00
2008.05.23 02:56:45.725,1.62085,1.6212,5.10,4.80
2008.05.23 02:56:49.647,1.6208,1.62115,2.80,22.00
2008.05.23 02:56:49.773,1.62076,1.62106,2.80,22.00
2008.05.23 02:56:52.593,1.62074,1.62109,2.80,17.20
2008.05.23 02:56:52.749,1.62083,1.62123,5.10,22.00
2008.05.23 02:56:52.773,1.62103,1.62143,2.80,17.20
2008.05.23 02:56:54.732,1.62115,1.62155,19.50,22.00
2008.05.23 02:57:03.073,1.62118,1.62168,19.50,22.00
2008.05.23 02:57:03.437,1.62112,1.62162,5.10,4.80
2008.05.23 02:57:04.005,1.62111,1.62166,22.40,19.20
2008.05.23 02:57:10.562,1.62116,1.62176,5.10,4.80
2008.05.23 02:57:10.680,1.62119,1.62179,14.40,17.20
2008.05.23 02:57:10.709,1.62113,1.62173,5.10,17.20
2008.05.23 02:57:14.795,1.62099,1.62169,5.10,2.80
2008.05.23 02:57:14.874,1.62095,1.62165,5.10,4.80
2008.05.23 02:57:14.947,1.62098,1.62168,19.50,22.00
2008.05.23 02:57:21.018,1.62094,1.62174,19.50,2.80
2008.05.23 02:57:21.117,1.62097,1.62177,14.40,2.80
2008.05.23 02:57:21.429,1.62098,1.62178,2.80,14.40
2008.05.23 02:57:22.796,1.62089,1.62189,2.80,2.80
2008.05.23 02:57:26.606,1.621,1.6218,14.40,17.20
2008.05.23 02:58:56.839,1.6215,1.6218,8.50,12.00
2008.05.23 02:58:56.979,1.6215,1.6218,5.60,14.80
2008.05.23 02:58:57.118,1.6215,1.6218,5.60,15.80
2008.05.23 02:59:00.363,1.6215,1.6218,5.60,18.70
2008.05.23 02:59:00.401,1.6215,1.6217,0.80,2.80
2008.05.23 02:59:00.485,1.62145,1.6217,2.80,3.30
2008.05.23 02:59:00.506,1.6214,1.6217,4.80,8.10
2008.05.23 02:59:00.579,1.6214,1.6217,2.80,8.10
2008.05.23 02:59:00.776,1.6213,1.6217,14.20,8.10
2008.05.23 02:59:01.219,1.6213,1.6217,0.40,8.10
2008.05.23 02:59:01.404,1.6213,1.6217,0.40,7.60
2008.05.23 02:59:01.488,1.6213,1.6217,0.40,4.80
2008.05.23 02:59:01.604,1.6213,1.6218,0.70,25.40
2008.05.23 02:59:13.705,1.6214,1.6218,2.40,25.40
2008.05.23 02:59:16.728,1.6215,1.6217,1.90,0.80
2008.05.23 02:59:16.847,1.62125,1.6215,1.10,3.80
2008.05.23 02:59:16.925,1.6213,1.6215,5.10,3.80
2008.05.23 02:59:17.117,1.6213,1.6215,5.10,0.90
2008.05.23 02:59:17.377,1.6213,1.6216,22.90,2.80
2008.05.23 02:59:17.417,1.6213,1.6216,20.00,2.80
2008.05.23 02:59:17.457,1.6213,1.62185,22.90,0.40
2008.05.23 02:59:23.965,1.6214,1.6218,2.40,25.40
2008.05.23 02:59:25.490,1.62125,1.6217,1.10,4.00
2008.05.23 02:59:25.592,1.6213,1.6216,8.00,22.00
2008.05.23 02:59:25.689,1.6213,1.6216,5.60,22.00
2008.05.23 02:59:25.782,1.6213,1.6216,5.60,17.20
2008.05.23 02:59:25.994,1.6213,1.6216,8.50,17.20
2008.05.23 02:59:26.203,1.6213,1.6219,22.90,11.60
2008.05.23 02:59:26.413,1.6213,1.6218,22.90,28.30
2008.05.23 02:59:34.487,1.6214,1.6218,2.40,25.40
2008.05.23 02:59:37.093,1.6215,1.6218,1.90,21.20
2008.05.23 02:59:37.220,1.62125,1.6215,1.10,3.80
2008.05.23 02:59:37.434,1.6213,1.6216,22.90,7.60
2008.05.23 02:59:37.505,1.6213,1.6216,25.80,2.80
2008.05.23 02:59:37.512,1.6213,1.6216,11.40,14.40
2008.05.23 02:59:37.573,1.6213,1.6216,8.50,14.40
2008.05.23 02:59:37.901,1.6213,1.6216,20.00,2.80
2008.05.23 02:59:38.256,1.6213,1.6219,22.90,13.00
2008.05.23 02:59:43.531,1.6213,1.6218,27.40,28.30
2008.05.23 02:59:44.427,1.6213,1.6218,0.40,28.30
2008.05.23 02:59:44.766,1.6214,1.6218,2.40,25.40
2008.05.23 02:59:49.032,1.62125,1.6217,1.10,4.80
2008.05.23 02:59:49.092,1.6213,1.6215,10.90,4.80
2008.05.23 02:59:49.154,1.6213,1.6215,8.00,4.80
2008.05.23 02:59:49.215,1.6213,1.6215,5.10,6.20
2008.05.23 02:59:49.480,1.6213,1.6215,5.60,0.90
2008.05.23 02:59:49.540,1.6213,1.6216,22.90,2.80
2008.05.23 02:59:49.657,1.6213,1.6216,20.00,2.80
2008.05.23 02:59:49.775,1.6213,1.6217,22.90,0.60
2008.05.23 02:59:49.949,1.6213,1.6218,22.90,28.30
2008.05.23 02:59:57.174,1.6213,1.6218,19.10,28.30
2008.05.23 02:59:57.302,1.6215,1.6218,1.90,25.40
