2016.05.02 20:00:00.093,1.10054,1.10065,1.00,1.00
2016.05.02 20:00:00.476,1.10055,1.10067,1.00,1.50
2016.05.02 20:00:00.794,1.10057,1.10067,1.00,1.00
2016.05.02 20:00:00.998,1.10057,1.10069,1.50,1.00
2016.05.02 20:00:01.539,1.10058,1.1007,1.00,1.00
2016.05.02 20:00:02.053,1.10057,1.10069,1.00,1.00
2016.05.02 20:00:04.586,1.10056,1.10068,1.50,1.00
2016.05.02 20:00:05.119,1.10055,1.10067,1.50,1.00
2016.05.02 20:00:05.581,1.10053,1.10065,1.00,1.00
2016.05.02 20:00:07.122,1.10054,1.10066,1.00,1.50
2016.05.02 20:00:12.011,1.10055,1.10067,1.00,1.50
2016.05.02 20:00:18.630,1.10054,1.10066,1.50,1.00
2016.05.02 20:00:19.760,1.10055,1.10066,1.00,1.00
2016.05.02 20:00:20.438,1.10056,1.10066,1.00,1.00
2016.05.02 20:00:20.796,1.10053,1.10064,1.00,1.00
2016.05.02 20:00:20.899,1.10051,1.10063,1.00,1.00
2016.05.02 20:00:21.154,1.10053,1.10065,1.00,2.25
2016.05.02 20:00:21.667,1.10053,1.10064,1.00,1.00
2016.05.02 20:00:22.175,1.10053,1.10063,1.00,1.00
2016.05.02 20:00:22.482,1.10051,1.10063,1.00,1.00
2016.05.02 20:00:25.241,1.10052,1.10064,1.00,1.50
2016.05.02 20:00:32.440,1.10051,1.10062,1.00,1.00
2016.05.02 20:00:32.960,1.1005,1.10062,1.00,1.00
2016.05.02 20:00:33.509,1.10051,1.10063,1.00,1.00
2016.05.02 20:00:37.381,1.10053,1.10064,1.00,1.00
2016.05.02 20:00:37.944,1.10053,1.10065,1.00,1.00
2016.05.02 20:00:40.112,1.10055,1.10065,1.00,1.00
2016.05.02 20:00:40.265,1.10056,1.10067,1.00,1.00
2016.05.02 20:00:40.368,1.10058,1.10069,1.00,1.00
2016.05.02 20:00:40.944,1.10058,1.1007,1.00,1.00
2016.05.02 20:00:41.480,1.10059,1.10071,1.00,1.00
2016.05.02 20:00:41.984,1.10058,1.1007,1.00,1.00
2016.05.02 20:00:50.516,1.10057,1.10069,1.00,1.00
2016.05.02 20:00:52.870,1.10058,1.1007,1.00,1.87
2016.05.02 20:00:54.390,1.10058,1.10069,1.00,1.00
2016.05.02 20:00:54.543,1.10055,1.10067,1.00,1.00
2016.05.02 20:00:55.027,1.10053,1.10065,1.00,1.00
2016.05.02 20:00:55.536,1.10054,1.10066,1.00,1.12
2016.05.02 20:01:01.687,1.10055,1.10067,1.00,1.50
2016.05.02 20:01:02.196,1.10055,1.10066,1.00,1.00
2016.05.02 20:01:02.350,1.10056,1.10068,1.00,1.00
2016.05.02 20:01:02.402,1.10058,1.10069,1.00,1.50
2016.05.02 20:01:02.536,1.10059,1.10071,1.00,1.00
2016.05.02 20:01:03.048,1.1006,1.10072,1.00,1.00
2016.05.02 20:01:05.999,1.10059,1.10071,1.50,1.00
2016.05.02 20:01:06.457,1.10058,1.10069,1.00,1.50
2016.05.02 20:01:06.661,1.10056,1.10068,1.00,1.00
2016.05.02 20:01:07.764,1.10056,1.10067,1.00,1.00
2016.05.02 20:01:07.815,1.10055,1.10064,1.50,1.00
2016.05.02 20:01:07.867,1.10055,1.10066,1.00,1.12
2016.05.02 20:01:07.970,1.10053,1.10065,1.00,1.00
2016.05.02 20:01:08.514,1.10054,1.10066,1.00,1.00
2016.05.02 20:01:10.907,1.10056,1.10067,1.00,1.00
2016.05.02 20:01:11.460,1.10056,1.10068,1.00,1.87
2016.05.02 20:01:12.912,1.10055,1.10067,1.50,1.00
2016.05.02 20:01:13.716,1.10055,1.10066,1.00,1.00
2016.05.02 20:01:13.870,1.10051,1.10063,1.00,1.00
2016.05.02 20:01:14.405,1.1005,1.10062,1.00,1.00
2016.05.02 20:01:14.763,1.10052,1.10064,1.00,1.00
2016.05.02 20:01:15.272,1.10053,1.10065,1.00,1.00
2016.05.02 20:01:16.342,1.10054,1.10066,1.00,2.62
2016.05.02 20:01:19.452,1.10053,1.10065,1.50,1.00
2016.05.02 20:01:20.734,1.10054,1.10066,1.00,1.50
2016.05.02 20:01:30.861,1.10054,1.10065,1.00,1.00
2016.05.02 20:01:31.014,1.10052,1.10064,1.00,1.00
2016.05.02 20:01:31.560,1.10053,1.10065,1.00,3.00
2016.05.02 20:01:34.670,1.10052,1.10063,1.00,1.00
2016.05.02 20:01:35.178,1.10051,1.10063,1.00,1.00
2016.05.02 20:01:35.723,1.10052,1.10064,1.00,1.00
2016.05.02 20:01:36.224,1.10051,1.10063,1.00,1.00
2016.05.02 20:01:37.784,1.1005,1.10062,1.50,1.00
2016.05.02 20:01:49.459,1.1005,1.10061,1.00,1.00
2016.05.02 20:01:49.764,1.10048,1.1006,1.00,1.00
2016.05.02 20:01:55.814,1.10047,1.10059,1.50,1.00
2016.05.02 20:01:58.972,1.10049,1.10059,1.00,1.00
2016.05.02 20:01:59.277,1.10051,1.10063,1.50,1.00
2016.05.02 20:02:04.005,1.10052,1.10063,1.00,1.00
2016.05.02 20:02:04.056,1.10053,1.10065,1.00,1.00
2016.05.02 20:02:07.364,1.10054,1.10066,1.00,1.00
2016.05.02 20:02:14.248,1.10055,1.10067,1.00,1.00
2016.05.02 20:02:22.001,1.10056,1.10067,1.00,1.00
2016.05.02 20:02:22.053,1.10057,1.10069,1.00,1.00
2016.05.02 20:02:32.968,1.10056,1.10068,1.00,1.00
2016.05.02 20:02:34.012,1.10056,1.10067,1.00,1.00
2016.05.02 20:02:34.114,1.10054,1.10066,1.00,1.00
2016.05.02 20:03:03.096,1.10056,1.10066,1.00,1.00
2016.05.02 20:03:03.198,1.10056,1.10068,1.50,1.00
2016.05.02 20:03:03.629,1.10059,1.1007,1.00,1.00
2016.05.02 20:03:04.147,1.10059,1.10071,1.00,1.00
2016.05.02 20:03:09.360,1.10058,1.1007,1.50,1.00
2016.05.02 20:03:09.665,1.1006,1.10072,1.50,1.00
2016.05.02 20:03:10.189,1.10059,1.10071,1.00,1.00
2016.05.02 20:03:10.495,1.10057,1.10069,1.00,1.00
2016.05.02 20:03:11.014,1.10056,1.10068,1.00,1.00
2016.05.02 20:03:11.560,1.10055,1.10067,1.00,1.00
2016.05.02 20:03:14.870,1.10054,1.10065,1.00,1.00
2016.05.02 20:03:15.701,1.10053,1.10065,1.50,1.00
2016.05.02 20:03:25.507,1.10055,1.10065,1.00,1.00
2016.05.02 20:03:25.914,1.10055,1.10067,1.50,1.00
2016.05.02 20:03:29.294,1.10053,1.10065,1.00,1.00
2016.05.02 20:03:34.597,1.10052,1.10064,1.00,1.00
2016.05.02 20:03:51.351,1.10053,1.10064,1.00,1.00
2016.05.02 20:03:54.360,1.10053,1.10065,1.50,1.00
2016.05.02 20:04:00.536,1.10052,1.10064,1.50,1.00
2016.05.02 20:04:01.084,1.1005,1.10061,1.00,1.00
2016.05.02 20:04:03.296,1.10051,1.10061,1.00,1.00
2016.05.02 20:04:17.882,1.1005,1.10061,1.00,1.00
2016.05.02 20:04:18.619,1.10051,1.10061,1.00,1.00
2016.05.02 20:04:27.909,1.10051,1.10062,1.00,1.00
2016.05.02 20:04:34.889,1.10051,1.10063,1.50,1.50
2016.05.02 20:04:35.194,1.10053,1.10063,1.00,1.00
2016.05.02 20:04:35.499,1.10055,1.10065,1.00,1.00
2016.05.02 20:04:38.611,1.10056,1.10065,1.00,1.00
2016.05.02 20:04:38.967,1.10053,1.10065,2.62,1.00
2016.05.02 20:04:46.424,1.10053,1.10064,1.00,1.00
2016.05.02 20:04:49.465,1.10052,1.10064,1.00,1.00
2016.05.02 20:04:49.720,1.10051,1.10062,1.00,1.00
2016.05.02 20:04:50.053,1.10048,1.1006,1.00,2.25
2016.05.02 20:04:50.104,1.10047,1.10055,1.00,1.00
2016.05.02 20:04:50.156,1.10043,1.10055,1.00,1.00
2016.05.02 20:04:50.513,1.10045,1.10056,1.00,1.00
2016.05.02 20:04:50.616,1.10046,1.10058,2.25,1.50
2016.05.02 20:04:51.472,1.10047,1.10058,1.00,1.00
2016.05.02 20:04:51.982,1.10048,1.10058,1.00,1.00
2016.05.02 20:04:52.490,1.10047,1.10058,1.00,1.00
2016.05.02 20:04:59.894,1.10048,1.10058,1.00,1.00
2016.05.02 20:05:00.934,1.10047,1.10058,1.00,1.00
2016.05.02 20:05:07.501,1.10046,1.10058,2.25,1.00
2016.05.02 20:05:21.100,1.10047,1.10059,1.00,1.00
2016.05.02 20:05:21.608,1.10048,1.10059,1.00,1.00
2016.05.02 20:05:22.167,1.10047,1.10059,1.50,1.00
2016.05.02 20:05:29.986,1.10048,1.10059,1.00,1.00
2016.05.02 20:05:30.519,1.10047,1.10059,1.50,1.00
2016.05.02 20:05:32.990,1.10046,1.10058,2.25,1.00
2016.05.02 20:05:35.383,1.10047,1.10059,1.00,1.00
2016.05.02 20:05:37.074,1.10048,1.10059,1.00,1.00
2016.05.02 20:05:37.228,1.10049,1.10061,1.50,1.00
2016.05.02 20:05:37.841,1.1005,1.10061,1.00,1.00
2016.05.02 20:05:41.888,1.10049,1.10061,1.00,1.00
2016.05.02 20:05:42.396,1.1005,1.10061,1.00,1.00
2016.05.02 20:05:45.505,1.10049,1.10061,1.50,1.00
2016.05.02 20:05:46.024,1.1005,1.10061,1.50,1.00
2016.05.02 20:05:53.012,1.1005,1.10062,1.50,1.00
2016.05.02 20:06:04.454,1.10051,1.10063,1.00,1.00
2016.05.02 20:06:04.963,1.1005,1.10062,1.50,1.00
2016.05.02 20:06:15.596,1.1005,1.10061,1.00,1.00
2016.05.02 20:06:15.799,1.10051,1.10063,1.00,1.50
2016.05.02 20:06:16.324,1.1005,1.10062,2.25,1.00
2016.05.02 20:06:23.979,1.10049,1.10061,1.50,1.00
2016.05.02 20:06:29.805,1.1005,1.10062,1.00,1.00
2016.05.02 20:06:31.891,1.10051,1.10062,1.00,1.00
2016.05.02 20:06:41.478,1.1005,1.10062,1.00,1.00
2016.05.02 20:06:41.988,1.1005,1.10061,1.00,1.00
2016.05.02 20:06:42.518,1.10051,1.10062,1.00,1.00
2016.05.02 20:06:46.725,1.1005,1.10062,1.50,1.00
2016.05.02 20:06:51.639,1.10051,1.10062,1.00,1.00
2016.05.02 20:06:53.139,1.10052,1.10062,1.00,1.00
2016.05.02 20:06:53.241,1.10054,1.10062,1.00,1.00
2016.05.02 20:06:53.343,1.10054,1.10065,1.50,1.00
2016.05.02 20:06:53.394,1.10056,1.10065,1.00,1.00
2016.05.02 20:06:53.547,1.10059,1.10069,1.00,1.00
2016.05.02 20:06:54.059,1.10059,1.10071,1.50,1.00
2016.05.02 20:06:54.568,1.1006,1.10071,1.00,1.00
2016.05.02 20:06:58.073,1.1006,1.1007,1.00,1.00
2016.05.02 20:06:58.613,1.1006,1.10069,1.00,1.00
2016.05.02 20:07:05.483,1.10058,1.10069,1.50,1.00
2016.05.02 20:07:09.333,1.1006,1.10069,1.00,1.00
2016.05.02 20:07:09.588,1.1006,1.10071,1.50,1.00
2016.05.02 20:07:09.641,1.10062,1.10071,1.00,1.00
2016.05.02 20:07:13.903,1.10063,1.10071,1.00,1.00
2016.05.02 20:07:14.107,1.10063,1.10073,1.00,1.00
2016.05.02 20:07:15.090,1.10061,1.10073,2.25,1.00
2016.05.02 20:07:15.193,1.10061,1.10071,1.00,1.00
2016.05.02 20:07:28.385,1.1006,1.10071,1.00,1.00
2016.05.02 20:07:36.684,1.10061,1.10071,1.00,1.00
2016.05.02 20:07:40.314,1.1006,1.10071,1.00,1.00
2016.05.02 20:08:10.042,1.10059,1.10071,2.25,1.00
2016.05.02 20:08:10.630,1.1006,1.10071,1.00,1.00
2016.05.02 20:08:11.551,1.10059,1.10071,3.75,1.00
2016.05.02 20:08:11.856,1.10057,1.10069,3.00,1.00
2016.05.02 20:08:12.899,1.10057,1.10068,1.00,1.00
2016.05.02 20:08:14.373,1.10056,1.10068,2.25,1.00
2016.05.02 20:08:14.904,1.10055,1.10067,2.25,1.00
2016.05.02 20:08:15.576,1.10055,1.10066,1.00,1.00
2016.05.02 20:08:16.079,1.10056,1.10067,1.00,1.00
2016.05.02 20:08:18.839,1.10055,1.10067,1.00,1.00
2016.05.02 20:08:19.164,1.10054,1.10065,1.18,1.00
2016.05.02 20:08:19.674,1.10053,1.10065,1.50,1.00
2016.05.02 20:08:21.008,1.10053,1.10064,1.00,1.00
2016.05.02 20:08:21.517,1.10052,1.10063,1.00,1.00
2016.05.02 20:08:23.063,1.10051,1.10063,1.64,1.00
2016.05.02 20:08:23.573,1.1005,1.10062,1.50,1.00
2016.05.02 20:08:29.980,1.10054,1.10062,1.00,1.00
2016.05.02 20:08:30.351,1.10058,1.10064,1.00,1.00
2016.05.02 20:08:30.402,1.1006,1.10068,1.00,1.00
2016.05.02 20:08:30.506,1.10061,1.1007,1.00,1.00
2016.05.02 20:08:31.118,1.1006,1.1007,2.25,1.00
2016.05.02 20:08:31.321,1.10061,1.10072,1.00,1.00
2016.05.02 20:08:32.985,1.10061,1.10071,1.00,1.00
2016.05.02 20:08:34.757,1.10063,1.10071,1.00,1.00
2016.05.02 20:08:42.212,1.10061,1.10071,1.00,1.00
2016.05.02 20:08:44.535,1.10062,1.10071,1.00,1.00
2016.05.02 20:08:44.840,1.10064,1.10073,1.00,1.00
2016.05.02 20:08:45.146,1.10064,1.10075,1.00,1.00
2016.05.02 20:08:45.654,1.10064,1.10076,1.50,1.00
2016.05.02 20:08:46.205,1.10065,1.10076,1.00,1.00
2016.05.02 20:08:46.919,1.10065,1.10077,1.50,1.00
2016.05.02 20:08:53.930,1.10066,1.10077,1.00,1.00
2016.05.02 20:08:54.438,1.10066,1.10078,1.50,1.00
2016.05.02 20:08:57.411,1.10067,1.10078,1.00,1.00
2016.05.02 20:08:58.843,1.10069,1.10078,1.00,1.00
2016.05.02 20:08:59.185,1.10068,1.1008,1.00,1.00
2016.05.02 20:08:59.338,1.10063,1.10075,1.50,1.00
2016.05.02 20:08:59.645,1.10058,1.1007,1.50,1.00
2016.05.02 20:08:59.951,1.10056,1.10068,2.25,1.00
2016.05.02 20:09:00.461,1.10055,1.10067,1.50,1.00
2016.05.02 20:09:05.744,1.10056,1.10068,1.00,1.00
2016.05.02 20:09:06.632,1.10057,1.10068,1.00,1.00
2016.05.02 20:09:07.039,1.10058,1.1007,1.00,1.50
2016.05.02 20:09:12.970,1.10059,1.10071,1.00,1.00
2016.05.02 20:09:32.885,1.10058,1.1007,1.00,1.00
2016.05.02 20:09:36.794,1.10056,1.10072,1.00,1.00
2016.05.02 20:09:40.932,1.10055,1.10071,3.00,1.00
2016.05.02 20:09:50.838,1.10056,1.10071,1.00,1.00
2016.05.02 20:09:57.186,1.10055,1.10071,3.37,1.12
2016.05.02 20:09:58.811,1.10055,1.1007,1.87,1.00
2016.05.02 20:10:00.995,1.10054,1.1007,1.50,1.12
2016.05.02 20:10:01.690,1.10054,1.1007,1.00,1.87
2016.05.02 20:10:01.951,1.10051,1.10067,1.00,1.50
2016.05.02 20:10:02.155,1.1005,1.10065,1.00,1.00
2016.05.02 20:10:02.927,1.1005,1.10064,1.50,1.00
2016.05.02 20:10:04.150,1.10051,1.10065,1.00,1.00
2016.05.02 20:10:04.658,1.1005,1.10064,1.50,1.00
2016.05.02 20:10:05.203,1.1005,1.10065,1.50,1.00
2016.05.02 20:10:06.818,1.10051,1.10065,1.00,1.00
2016.05.02 20:10:07.354,1.10052,1.10064,1.00,1.00
2016.05.02 20:10:09.150,1.10051,1.10064,1.00,1.00
2016.05.02 20:10:09.652,1.1005,1.10064,1.50,1.00
2016.05.02 20:10:12.125,1.10051,1.10064,1.00,1.00
2016.05.02 20:10:12.278,1.10051,1.10066,1.00,1.00
2016.05.02 20:10:12.824,1.10052,1.10066,1.00,1.00
2016.05.02 20:10:13.329,1.10051,1.10066,1.00,1.00
2016.05.02 20:10:16.080,1.10051,1.10065,1.00,1.00
2016.05.02 20:10:17.279,1.1005,1.10065,1.50,1.00
2016.05.02 20:10:17.715,1.10048,1.10064,5.25,1.00
2016.05.02 20:10:18.173,1.1005,1.10064,1.00,1.00
2016.05.02 20:10:18.738,1.1005,1.10065,1.00,1.00
2016.05.02 20:10:22.090,1.10051,1.10065,1.00,1.00
2016.05.02 20:10:24.070,1.1005,1.10065,1.50,1.00
2016.05.02 20:10:26.495,1.10052,1.10065,1.00,1.00
2016.05.02 20:10:27.004,1.10053,1.10066,1.00,1.00
2016.05.02 20:10:29.278,1.10052,1.10067,1.00,1.00
2016.05.02 20:10:29.788,1.10053,1.10067,1.00,1.00
2016.05.02 20:10:30.298,1.10051,1.10067,1.50,1.50
2016.05.02 20:10:30.833,1.10051,1.10066,1.00,1.00
2016.05.02 20:10:34.010,1.10052,1.10066,1.00,1.00
2016.05.02 20:10:34.519,1.10051,1.10065,1.00,1.00
2016.05.02 20:10:34.722,1.10053,1.10065,1.00,1.00
2016.05.02 20:10:35.079,1.10051,1.10066,1.00,1.00
2016.05.02 20:10:36.490,1.1005,1.10066,2.25,1.00
2016.05.02 20:10:37.008,1.10051,1.10066,1.00,1.00
2016.05.02 20:10:37.532,1.10051,1.10065,1.00,1.00
2016.05.02 20:10:39.614,1.10052,1.10065,1.00,1.00
2016.05.02 20:10:39.920,1.10054,1.10066,1.00,1.00
2016.05.02 20:10:40.022,1.10052,1.10067,1.00,1.00
2016.05.02 20:10:40.614,1.10053,1.10066,1.00,1.00
2016.05.02 20:10:43.497,1.10052,1.10066,1.00,1.00
2016.05.02 20:10:44.672,1.10053,1.10066,1.00,1.00
2016.05.02 20:10:44.723,1.10055,1.10067,1.00,1.00
2016.05.02 20:10:45.231,1.10054,1.10067,1.00,1.00
2016.05.02 20:10:46.407,1.10052,1.10067,1.00,1.00
2016.05.02 20:10:46.917,1.10051,1.10067,2.25,1.00
2016.05.02 20:10:47.798,1.10053,1.10067,1.00,1.00
2016.05.02 20:10:48.156,1.10051,1.10067,1.50,1.00
2016.05.02 20:10:49.283,1.10053,1.10067,1.00,1.00
2016.05.02 20:10:49.975,1.10054,1.10067,1.00,1.00
2016.05.02 20:10:50.395,1.10052,1.10067,1.00,1.00
2016.05.02 20:10:51.217,1.10051,1.10067,3.00,1.00
2016.05.02 20:10:53.046,1.10051,1.10066,2.25,1.00
2016.05.02 20:10:55.739,1.10052,1.10066,1.00,1.00
2016.05.02 20:11:05.829,1.10052,1.10067,1.00,1.00
2016.05.02 20:11:05.880,1.10054,1.10067,1.00,1.00
2016.05.02 20:11:06.405,1.10055,1.10068,1.00,1.00
2016.05.02 20:11:06.915,1.10054,1.10068,1.00,1.00
2016.05.02 20:11:07.419,1.10053,1.10067,1.00,1.00
2016.05.02 20:11:14.374,1.10054,1.10068,1.00,1.00
2016.05.02 20:11:17.094,1.10053,1.10068,1.00,1.00
2016.05.02 20:11:19.396,1.10055,1.10068,1.00,1.00
2016.05.02 20:11:21.109,1.10054,1.10068,1.00,1.00
2016.05.02 20:11:21.415,1.10052,1.10067,1.00,1.00
2016.05.02 20:11:41.335,1.10051,1.10067,1.50,1.00
2016.05.02 20:11:43.443,1.10053,1.10067,1.00,1.00
2016.05.02 20:11:43.991,1.10052,1.10066,1.00,1.00
2016.05.02 20:11:45.742,1.10053,1.10066,1.00,1.00
2016.05.02 20:11:46.289,1.10052,1.10066,1.00,1.00
2016.05.02 20:11:49.723,1.10051,1.10066,1.00,1.00
2016.05.02 20:11:50.759,1.10052,1.10066,1.00,1.00
2016.05.02 20:11:54.667,1.10051,1.10066,1.00,1.00
2016.05.02 20:11:55.065,1.10053,1.10066,1.00,1.00
2016.05.02 20:11:55.574,1.10053,1.10067,1.00,1.00
2016.05.02 20:11:56.082,1.10054,1.10067,1.00,1.00
2016.05.02 20:11:59.846,1.10055,1.10067,1.00,1.00
2016.05.02 20:12:00.356,1.10055,1.10068,1.00,1.00
2016.05.02 20:12:00.661,1.10053,1.10067,1.50,1.00
2016.05.02 20:12:01.292,1.10052,1.10067,1.50,1.00
2016.05.02 20:12:01.835,1.10051,1.10067,3.00,1.00
2016.05.02 20:12:08.701,1.1005,1.10066,2.62,1.00
2016.05.02 20:12:12.306,1.10051,1.10066,1.00,1.00
2016.05.02 20:12:23.642,1.1005,1.10065,1.00,1.00
2016.05.02 20:12:24.179,1.10049,1.10064,1.00,1.00
2016.05.02 20:12:38.451,1.1005,1.10064,1.00,1.00
2016.05.02 20:12:39.069,1.10051,1.10065,1.00,1.00
2016.05.02 20:12:39.571,1.1005,1.10065,1.12,1.00
2016.05.02 20:12:43.537,1.10051,1.10065,1.00,1.00
2016.05.02 20:12:43.589,1.10053,1.10065,1.00,1.00
2016.05.02 20:12:43.691,1.10053,1.10067,1.00,1.00
2016.05.02 20:12:43.793,1.10055,1.10067,1.00,1.00
2016.05.02 20:12:49.063,1.10053,1.10067,1.00,1.00
2016.05.02 20:12:50.997,1.10052,1.10067,1.00,1.00
2016.05.02 20:12:51.201,1.10051,1.10065,1.00,1.00
2016.05.02 20:12:51.705,1.1005,1.10065,1.00,1.00
2016.05.02 20:12:52.476,1.10051,1.10065,1.00,1.00
2016.05.02 20:12:53.020,1.10052,1.10065,1.00,1.00
2016.05.02 20:12:57.980,1.10051,1.10065,1.00,1.00
2016.05.02 20:13:03.417,1.1005,1.10065,1.00,1.00
2016.05.02 20:13:03.722,1.10053,1.10065,1.00,1.00
2016.05.02 20:13:03.824,1.10051,1.10065,1.00,1.00
2016.05.02 20:13:04.332,1.10051,1.10064,1.00,1.00
2016.05.02 20:13:04.839,1.10051,1.10065,1.00,1.00
2016.05.02 20:13:05.398,1.10051,1.10064,1.00,1.00
2016.05.02 20:13:05.945,1.10051,1.10065,1.00,1.00
2016.05.02 20:13:06.200,1.10053,1.10065,1.00,1.00
2016.05.02 20:13:06.388,1.10054,1.10067,1.00,1.00
2016.05.02 20:13:07.519,1.10055,1.10067,1.00,1.00
2016.05.02 20:13:07.857,1.10053,1.10066,1.00,1.00
2016.05.02 20:13:08.366,1.10052,1.10065,1.00,1.00
2016.05.02 20:13:08.874,1.10053,1.10066,1.00,1.00
2016.05.02 20:13:09.382,1.10052,1.10065,1.00,1.00
2016.05.02 20:13:15.866,1.10051,1.10064,1.00,1.00
2016.05.02 20:13:16.530,1.1005,1.10064,1.50,1.00
2016.05.02 20:13:17.076,1.10049,1.10063,1.00,1.00
2016.05.02 20:13:18.935,1.10048,1.10063,1.50,1.00
2016.05.02 20:13:19.456,1.10048,1.10062,1.00,1.00
2016.05.02 20:13:19.982,1.10047,1.10062,1.00,1.00
2016.05.02 20:13:20.636,1.10047,1.10061,1.00,1.00
2016.05.02 20:13:20.789,1.10045,1.10061,2.62,1.00
2016.05.02 20:13:25.062,1.10047,1.10061,1.00,1.00
2016.05.02 20:13:25.579,1.10046,1.1006,1.00,1.00
2016.05.02 20:13:29.295,1.10045,1.1006,3.00,1.00
2016.05.02 20:13:30.070,1.10046,1.1006,1.00,1.00
2016.05.02 20:13:31.189,1.10047,1.1006,1.00,1.00
2016.05.02 20:13:33.971,1.10046,1.1006,1.00,1.00
2016.05.02 20:13:34.472,1.10045,1.1006,3.37,1.00
2016.05.02 20:13:37.082,1.10046,1.1006,1.12,1.00
2016.05.02 20:13:37.590,1.10046,1.10061,1.00,1.00
2016.05.02 20:13:38.181,1.10047,1.10061,1.00,1.00
2016.05.02 20:13:38.589,1.10045,1.1006,3.00,1.00
2016.05.02 20:13:39.098,1.10044,1.1006,2.25,1.50
2016.05.02 20:13:40.175,1.10044,1.10058,1.50,1.00
2016.05.02 20:13:49.500,1.10044,1.10057,1.00,1.00
2016.05.02 20:13:52.868,1.10043,1.10057,1.00,1.00
2016.05.02 20:13:53.395,1.10042,1.10056,1.00,1.00
2016.05.02 20:13:53.619,1.1004,1.10056,4.50,1.00
2016.05.02 20:13:56.184,1.10042,1.10056,1.00,1.00
2016.05.02 20:13:56.702,1.10043,1.10057,1.50,1.50
2016.05.02 20:13:57.211,1.10044,1.10057,1.00,1.00
2016.05.02 20:13:57.719,1.10043,1.10057,1.00,1.00
2016.05.02 20:14:01.112,1.10043,1.10056,1.00,1.00
2016.05.02 20:14:01.661,1.10042,1.10056,1.00,1.00
2016.05.02 20:14:06.503,1.10043,1.10056,1.00,1.00
2016.05.02 20:14:08.889,1.10042,1.10056,1.00,1.00
2016.05.02 20:14:09.409,1.10043,1.10056,1.00,1.00
2016.05.02 20:14:10.600,1.10042,1.10056,1.50,1.00
2016.05.02 20:14:15.513,1.10043,1.10056,1.00,1.00
2016.05.02 20:14:16.023,1.10043,1.10058,1.00,1.00
2016.05.02 20:14:16.532,1.10043,1.10057,1.00,1.00
2016.05.02 20:14:17.102,1.10042,1.10057,2.62,1.00
2016.05.02 20:14:17.610,1.10044,1.10057,1.00,1.00
2016.05.02 20:14:18.228,1.10045,1.10058,1.00,1.00
2016.05.02 20:14:18.840,1.10044,1.10058,1.50,1.00
2016.05.02 20:14:19.377,1.10045,1.10058,1.00,1.00
2016.05.02 20:14:22.489,1.10043,1.10058,1.50,1.00
2016.05.02 20:14:22.744,1.10045,1.10058,1.00,1.00
2016.05.02 20:14:25.708,1.10044,1.10058,1.50,1.00
2016.05.02 20:14:26.340,1.10043,1.10058,1.50,1.00
2016.05.02 20:14:26.851,1.10042,1.10057,1.00,1.00
2016.05.02 20:14:27.362,1.10042,1.10056,1.00,1.00
2016.05.02 20:14:30.920,1.10041,1.10056,1.50,1.00
2016.05.02 20:14:31.276,1.10043,1.10057,1.00,1.00
2016.05.02 20:14:31.791,1.10042,1.10057,1.50,1.00
2016.05.02 20:14:32.299,1.10043,1.10057,1.00,1.00
2016.05.02 20:14:44.123,1.10044,1.10057,1.00,1.00
2016.05.02 20:14:44.279,1.10044,1.10059,1.50,1.00
2016.05.02 20:14:47.700,1.10045,1.10059,1.00,1.00
2016.05.02 20:14:48.246,1.10044,1.10059,1.50,1.00
2016.05.02 20:14:51.310,1.10045,1.10059,1.00,1.00
2016.05.02 20:14:51.812,1.10046,1.10059,1.00,1.00
2016.05.02 20:14:53.930,1.10046,1.10061,1.50,1.00
2016.05.02 20:14:54.988,1.10047,1.10061,1.00,1.00
2016.05.02 20:14:55.809,1.10046,1.10061,2.25,1.00
2016.05.02 20:14:59.885,1.10045,1.10061,2.25,1.00
2016.05.02 20:15:00.435,1.10046,1.10061,1.00,1.00
2016.05.02 20:15:12.832,1.10047,1.10061,1.00,1.00
2016.05.02 20:15:13.388,1.10046,1.10062,2.25,1.00
2016.05.02 20:15:36.602,1.10046,1.10062,2.25,1.37
2016.05.02 20:15:37.604,1.10046,1.10062,2.25,1.50
2016.05.02 20:15:38.129,1.10046,1.10061,2.25,1.00
2016.05.02 20:15:38.909,1.10047,1.10061,1.00,1.00
2016.05.02 20:15:40.911,1.10046,1.10061,2.25,1.00
2016.05.02 20:15:41.501,1.10047,1.10061,1.00,1.00
2016.05.02 20:15:42.183,1.10046,1.10061,2.25,1.00
2016.05.02 20:15:42.714,1.10047,1.10062,1.00,1.00
2016.05.02 20:15:51.638,1.10046,1.10062,3.00,1.00
2016.05.02 20:16:08.529,1.10045,1.1006,1.50,1.00
2016.05.02 20:16:11.690,1.10044,1.1006,1.00,1.87
2016.05.02 20:16:11.995,1.10042,1.10058,3.00,1.00
2016.05.02 20:16:16.754,1.10042,1.10057,2.25,1.00
2016.05.02 20:16:17.326,1.10042,1.10058,3.00,1.00
2016.05.02 20:16:32.980,1.10042,1.10057,1.50,1.00
2016.05.02 20:16:37.964,1.10042,1.10058,2.25,1.50
2016.05.02 20:16:42.971,1.10042,1.10057,1.00,1.00
2016.05.02 20:16:43.480,1.10042,1.10058,2.25,1.00
2016.05.02 20:16:50.794,1.10042,1.10057,1.00,1.00
2016.05.02 20:16:51.429,1.10042,1.10057,1.37,1.00
2016.05.02 20:16:51.633,1.10044,1.1006,1.37,2.18
2016.05.02 20:16:51.685,1.10043,1.10057,2.25,1.00
2016.05.02 20:16:51.870,1.10043,1.10059,1.50,1.00
2016.05.02 20:16:52.226,1.10042,1.10057,1.75,1.00
2016.05.02 20:16:52.794,1.10042,1.10057,1.50,1.00
2016.05.02 20:16:53.305,1.10043,1.10058,1.50,1.00
2016.05.02 20:16:55.114,1.10042,1.10058,3.00,1.00
2016.05.02 20:16:55.622,1.10044,1.10058,1.00,1.00
2016.05.02 20:16:55.989,1.10041,1.10057,3.00,1.00
2016.05.02 20:16:56.537,1.10042,1.10057,1.50,1.00
2016.05.02 20:16:58.402,1.10043,1.10058,1.12,1.50
2016.05.02 20:16:58.908,1.10044,1.10058,1.00,1.00
2016.05.02 20:16:59.447,1.10043,1.10059,1.87,1.00
2016.05.02 20:16:59.498,1.10043,1.10057,1.12,1.00
2016.05.02 20:17:01.698,1.10041,1.10057,3.00,1.00
2016.05.02 20:17:03.382,1.10043,1.10057,1.00,1.00
2016.05.02 20:17:03.535,1.10044,1.10059,1.00,1.00
2016.05.02 20:17:04.100,1.10045,1.10059,1.00,1.00
2016.05.02 20:17:05.084,1.10044,1.10059,1.00,1.00
2016.05.02 20:17:06.214,1.10044,1.1006,1.00,1.50
2016.05.02 20:17:07.602,1.10046,1.1006,1.00,1.00
2016.05.02 20:17:07.654,1.10046,1.10062,1.00,1.50
2016.05.02 20:17:07.705,1.10047,1.1006,1.00,1.00
2016.05.02 20:17:08.216,1.10046,1.10058,1.00,1.00
2016.05.02 20:17:08.267,1.10044,1.10058,1.00,1.00
2016.05.02 20:17:08.711,1.10047,1.1006,1.00,1.00
2016.05.02 20:17:09.227,1.10048,1.1006,1.00,1.00
2016.05.02 20:17:10.537,1.10043,1.10059,2.62,1.00
2016.05.02 20:17:24.483,1.10043,1.10059,2.25,1.00
2016.05.02 20:17:32.275,1.10043,1.10059,1.50,1.00
2016.05.02 20:17:36.089,1.10044,1.10059,1.00,1.50
2016.05.02 20:17:36.141,1.10047,1.10059,1.00,1.00
2016.05.02 20:17:36.192,1.10048,1.10061,1.00,1.00
2016.05.02 20:17:36.735,1.10048,1.10062,1.00,1.50
2016.05.02 20:17:37.092,1.1005,1.10063,1.00,1.00
2016.05.02 20:17:37.625,1.10049,1.10063,1.00,1.00
2016.05.02 20:17:38.133,1.10049,1.10064,1.00,1.00
2016.05.02 20:17:49.005,1.10048,1.10064,1.00,1.12
2016.05.02 20:17:49.513,1.10047,1.10063,1.00,1.00
2016.05.02 20:17:49.974,1.10047,1.10061,1.00,1.00
2016.05.02 20:17:50.483,1.10046,1.10062,1.50,1.50
2016.05.02 20:17:57.124,1.10049,1.10062,1.00,1.00
2016.05.02 20:17:57.328,1.10054,1.1007,1.00,1.00
2016.05.02 20:17:57.430,1.10057,1.10071,1.00,1.00
2016.05.02 20:17:57.532,1.10055,1.10071,1.50,1.00
2016.05.02 20:17:57.697,1.10054,1.10069,1.00,1.00
2016.05.02 20:18:00.309,1.10053,1.10069,1.50,1.12
2016.05.02 20:18:00.851,1.10052,1.10068,1.00,1.12
2016.05.02 20:18:01.158,1.10051,1.10066,1.50,1.00
2016.05.02 20:18:01.666,1.1005,1.10066,2.25,1.00
2016.05.02 20:18:08.318,1.1005,1.10065,1.00,1.00
2016.05.02 20:18:10.673,1.10049,1.10065,3.75,1.00
2016.05.02 20:18:20.849,1.10051,1.10065,1.00,1.00
2016.05.02 20:18:21.155,1.10059,1.10073,1.00,1.00
2016.05.02 20:18:21.644,1.1006,1.10075,1.00,1.00
2016.05.02 20:18:21.949,1.10058,1.10074,1.50,1.00
2016.05.02 20:18:22.459,1.10057,1.10073,1.00,1.00
2016.05.02 20:18:26.732,1.1006,1.10073,1.00,1.00
2016.05.02 20:18:27.240,1.1006,1.10074,1.00,1.00
2016.05.02 20:18:29.377,1.10061,1.10074,1.00,1.00
2016.05.02 20:18:29.650,1.10064,1.10079,1.00,1.50
2016.05.02 20:18:29.855,1.10068,1.10079,1.00,1.00
2016.05.02 20:18:30.173,1.10068,1.10082,1.00,1.00
2016.05.02 20:18:30.276,1.1007,1.10082,1.00,1.00
2016.05.02 20:18:31.475,1.1007,1.10083,1.00,1.00
2016.05.02 20:18:31.679,1.10067,1.10082,1.00,1.00
2016.05.02 20:18:31.781,1.10066,1.10079,1.00,1.00
2016.05.02 20:18:32.036,1.10062,1.10077,1.00,1.00
2016.05.02 20:18:32.572,1.1006,1.10076,2.25,1.00
2016.05.02 20:18:33.080,1.1006,1.10076,1.87,1.00
2016.05.02 20:18:38.352,1.10059,1.10075,2.25,1.00
2016.05.02 20:18:39.064,1.10059,1.10074,1.50,1.00
2016.05.02 20:18:39.573,1.10058,1.10073,1.00,1.00
2016.05.02 20:18:44.300,1.1006,1.10073,1.00,1.00
2016.05.02 20:18:44.454,1.10061,1.10075,1.50,1.00
2016.05.02 20:18:44.556,1.10062,1.10077,1.50,1.00
2016.05.02 20:18:47.550,1.10061,1.10077,1.50,1.00
2016.05.02 20:18:48.076,1.10061,1.10076,1.00,1.00
2016.05.02 20:18:48.990,1.10061,1.10075,1.00,1.00
2016.05.02 20:18:49.583,1.1006,1.10075,1.00,1.00
2016.05.02 20:18:50.092,1.1006,1.10074,1.00,1.00
2016.05.02 20:18:50.600,1.1006,1.10073,1.00,1.00
2016.05.02 20:18:51.890,1.10058,1.10073,1.00,1.00
2016.05.02 20:18:56.987,1.10058,1.10073,1.37,1.00
2016.05.02 20:19:03.891,1.10063,1.10073,1.00,1.00
2016.05.02 20:19:04.044,1.10061,1.10074,1.12,1.00
2016.05.02 20:19:04.095,1.10061,1.10076,2.62,1.00
2016.05.02 20:19:04.198,1.10062,1.10078,1.00,1.50
2016.05.02 20:19:04.418,1.10061,1.10076,2.25,1.00
2016.05.02 20:19:04.928,1.10062,1.10077,1.00,1.00
2016.05.02 20:19:05.436,1.10061,1.10077,2.62,1.50
2016.05.02 20:19:07.842,1.10061,1.10076,1.12,1.00
2016.05.02 20:19:12.063,1.10063,1.10076,1.00,1.00
2016.05.02 20:19:12.405,1.10067,1.10082,1.00,1.50
2016.05.02 20:19:12.915,1.10068,1.10083,1.00,1.50
2016.05.02 20:19:13.119,1.10069,1.10081,1.00,1.50
2016.05.02 20:19:13.170,1.10066,1.10081,1.50,1.50
2016.05.02 20:19:23.705,1.10066,1.10081,1.00,2.25
2016.05.02 20:19:43.703,1.10066,1.10081,1.00,2.25
2016.05.02 20:19:52.471,1.10067,1.10081,1.00,1.87
2016.05.02 20:19:52.776,1.10069,1.10081,1.00,1.87
2016.05.02 20:19:53.030,1.10066,1.10081,1.00,1.87
2016.05.02 20:19:53.589,1.10067,1.10081,1.00,1.50
2016.05.02 20:20:01.438,1.10067,1.10081,1.00,1.87
2016.05.02 20:20:04.154,1.10066,1.10081,1.00,2.25
2016.05.02 20:20:05.376,1.10065,1.10081,1.50,2.62
2016.05.02 20:20:06.672,1.10066,1.10081,1.50,2.62
2016.05.02 20:20:06.774,1.10072,1.10081,1.00,2.25
2016.05.02 20:20:07.081,1.10077,1.10083,1.00,1.00
2016.05.02 20:20:07.439,1.10073,1.10083,1.50,1.00
2016.05.02 20:20:07.796,1.10071,1.10083,1.00,1.00
2016.05.02 20:20:08.334,1.10071,1.10084,1.00,1.50
2016.05.02 20:20:08.870,1.1007,1.10084,1.00,1.50
2016.05.02 20:20:09.987,1.10068,1.10084,1.00,1.50
2016.05.02 20:20:10.091,1.10071,1.10084,1.00,1.50
2016.05.02 20:20:10.549,1.10068,1.10083,1.00,1.00
2016.05.02 20:20:11.057,1.1007,1.10084,1.00,1.00
2016.05.02 20:20:11.401,1.10072,1.10084,1.00,1.00
2016.05.02 20:20:12.221,1.10071,1.10084,1.00,1.00
2016.05.02 20:20:16.549,1.1007,1.10084,1.50,1.00
2016.05.02 20:20:17.058,1.10071,1.10084,1.00,1.00
2016.05.02 20:20:18.936,1.1007,1.10084,1.00,1.00
2016.05.02 20:20:19.647,1.10069,1.10084,1.00,1.00
2016.05.02 20:20:21.152,1.10071,1.10084,1.00,1.00
2016.05.02 20:20:21.457,1.10069,1.10084,1.00,1.12
2016.05.02 20:20:21.559,1.10067,1.10083,1.00,1.00
2016.05.02 20:20:21.866,1.10065,1.10081,2.25,1.00
2016.05.02 20:20:24.112,1.10065,1.10081,1.50,3.37
2016.05.02 20:20:28.088,1.10064,1.10079,1.00,1.00
2016.05.02 20:20:31.702,1.10064,1.1008,1.50,2.62
2016.05.02 20:20:33.129,1.10064,1.1008,1.00,1.37
2016.05.02 20:20:33.637,1.10064,1.1008,1.00,1.00
2016.05.02 20:20:34.176,1.10063,1.10079,1.00,1.00
2016.05.02 20:20:34.682,1.10064,1.1008,1.50,1.00
2016.05.02 20:20:36.035,1.10065,1.10081,1.00,1.50
2016.05.02 20:20:40.929,1.10065,1.10079,1.00,1.00
2016.05.02 20:20:49.828,1.10065,1.10081,1.50,1.12
2016.05.02 20:20:51.063,1.10066,1.10081,1.00,1.12
2016.05.02 20:20:51.573,1.10065,1.10081,1.00,1.50
2016.05.02 20:20:52.082,1.10065,1.10081,1.00,1.00
2016.05.02 20:20:52.955,1.10064,1.1008,1.50,1.00
2016.05.02 20:20:54.158,1.10065,1.1008,1.00,1.00
2016.05.02 20:21:00.426,1.10067,1.1008,1.00,1.00
2016.05.02 20:21:00.732,1.10069,1.10082,1.00,1.00
2016.05.02 20:21:01.250,1.1007,1.10083,1.00,1.00
2016.05.02 20:21:02.572,1.10068,1.10083,1.00,1.12
2016.05.02 20:21:03.114,1.10067,1.10083,1.50,1.12
2016.05.02 20:21:03.823,1.10067,1.10083,1.50,1.50
2016.05.02 20:21:04.327,1.10068,1.10083,1.00,1.50
2016.05.02 20:21:05.284,1.10067,1.10083,1.50,1.50
2016.05.02 20:21:05.539,1.1007,1.10083,1.00,1.50
2016.05.02 20:21:05.846,1.10072,1.10084,1.00,1.87
2016.05.02 20:21:14.427,1.10072,1.10084,1.00,2.25
2016.05.02 20:21:14.953,1.10071,1.10084,1.00,2.25
2016.05.02 20:21:17.551,1.10071,1.10084,1.00,1.87
2016.05.02 20:21:18.076,1.10072,1.10084,1.00,1.00
2016.05.02 20:21:19.613,1.1007,1.10084,1.50,1.12
2016.05.02 20:21:24.431,1.1007,1.10084,1.00,1.37
2016.05.02 20:21:24.636,1.10068,1.10083,1.00,1.12
2016.05.02 20:21:25.150,1.10067,1.10082,1.00,1.87
2016.05.02 20:21:26.213,1.10068,1.10082,1.00,1.87
2016.05.02 20:21:26.467,1.10066,1.10082,1.50,1.12
2016.05.02 20:21:29.533,1.10067,1.10082,1.00,1.50
2016.05.02 20:21:29.789,1.1007,1.10083,1.00,1.00
2016.05.02 20:21:30.335,1.1007,1.10084,1.00,1.00
2016.05.02 20:21:30.857,1.1007,1.10083,1.00,1.12
2016.05.02 20:21:31.366,1.10069,1.10083,1.00,2.25
2016.05.02 20:21:31.886,1.10069,1.10083,1.00,1.12
2016.05.02 20:21:32.743,1.1007,1.10083,1.00,1.12
2016.05.02 20:21:33.255,1.10069,1.10083,1.00,1.00
2016.05.02 20:21:34.427,1.10069,1.10084,1.00,2.62
2016.05.02 20:21:43.575,1.10069,1.10084,1.50,1.87
2016.05.02 20:21:44.082,1.10069,1.10084,3.00,1.00
2016.05.02 20:21:47.257,1.10071,1.10084,1.50,1.00
2016.05.02 20:21:47.823,1.10071,1.10087,1.00,1.07
2016.05.02 20:21:52.876,1.1007,1.10086,1.50,1.10
2016.05.02 20:22:01.007,1.1007,1.10086,1.00,1.47
2016.05.02 20:22:01.516,1.1007,1.10086,1.00,1.20
2016.05.02 20:22:10.483,1.1007,1.10086,1.00,2.84
2016.05.02 20:22:54.445,1.1007,1.10084,1.00,1.00
2016.05.02 20:23:01.452,1.1007,1.10082,1.00,1.00
2016.05.02 20:23:09.765,1.1007,1.10079,1.00,1.00
2016.05.02 20:23:09.868,1.10067,1.10079,1.00,1.00
2016.05.02 20:23:09.970,1.10066,1.10077,1.00,1.00
2016.05.02 20:23:10.492,1.10065,1.10077,1.50,1.00
2016.05.02 20:23:11.001,1.10064,1.10077,1.00,1.00
2016.05.02 20:23:11.516,1.10063,1.10077,1.50,1.00
2016.05.02 20:23:12.018,1.10062,1.10077,1.50,1.00
2016.05.02 20:23:13.170,1.10062,1.10076,1.00,1.00
2016.05.02 20:23:20.392,1.10063,1.10076,1.00,1.00
2016.05.02 20:23:21.599,1.10063,1.10077,1.50,1.00
2016.05.02 20:23:22.487,1.10063,1.10075,1.00,1.00
2016.05.02 20:23:22.589,1.10061,1.10075,1.00,1.00
2016.05.02 20:23:23.131,1.1006,1.10075,1.00,1.00
2016.05.02 20:23:25.221,1.10061,1.10075,1.00,1.00
2016.05.02 20:23:28.176,1.10062,1.10076,1.00,1.00
2016.05.02 20:23:28.814,1.10063,1.10077,1.00,1.50
2016.05.02 20:23:28.866,1.10066,1.10077,1.00,1.50
2016.05.02 20:23:28.968,1.10063,1.10077,1.00,1.00
2016.05.02 20:23:29.172,1.10065,1.10077,1.00,1.00
2016.05.02 20:23:29.224,1.10065,1.10079,1.50,1.00
2016.05.02 20:23:29.377,1.10067,1.10079,1.00,1.00
2016.05.02 20:23:29.580,1.10065,1.10079,1.50,1.00
2016.05.02 20:23:30.424,1.10065,1.10078,1.00,1.00
2016.05.02 20:23:32.919,1.10066,1.10078,1.00,1.00
2016.05.02 20:23:33.072,1.10068,1.10078,1.00,1.00
2016.05.02 20:23:33.226,1.10068,1.1008,1.00,1.87
2016.05.02 20:23:34.509,1.10067,1.1008,1.00,1.12
2016.05.02 20:23:34.712,1.10067,1.10078,1.00,1.00
2016.05.02 20:23:35.245,1.10066,1.10078,1.00,1.00
2016.05.02 20:23:44.915,1.10066,1.10079,1.00,1.12
2016.05.02 20:23:46.124,1.10067,1.10079,1.00,1.00
2016.05.02 20:23:46.513,1.10068,1.10081,1.00,2.62
2016.05.02 20:23:47.271,1.10066,1.10081,1.00,2.62
2016.05.02 20:23:49.357,1.10065,1.10081,1.00,2.62
2016.05.02 20:23:49.509,1.10065,1.10078,1.00,1.00
2016.05.02 20:23:49.662,1.10063,1.10078,1.00,1.50
2016.05.02 20:23:50.171,1.10062,1.10077,1.00,2.25
2016.05.02 20:23:50.702,1.10062,1.10076,1.00,1.00
2016.05.02 20:23:52.179,1.10062,1.10077,1.00,2.62
2016.05.02 20:24:00.752,1.10061,1.10077,1.50,2.62
2016.05.02 20:24:04.812,1.10061,1.10076,1.00,1.00
2016.05.02 20:24:08.076,1.1006,1.10076,2.25,1.50
2016.05.02 20:24:12.971,1.10061,1.10077,1.00,2.25
2016.05.02 20:24:28.934,1.10061,1.10077,1.00,3.75
2016.05.02 20:24:29.463,1.1006,1.10076,1.50,1.12
2016.05.02 20:24:43.519,1.10059,1.10075,1.50,1.00
2016.05.02 20:24:47.378,1.1006,1.10075,1.00,1.00
2016.05.02 20:24:47.907,1.10061,1.10075,1.00,1.12
2016.05.02 20:24:48.542,1.10059,1.10075,1.50,1.87
2016.05.02 20:24:48.745,1.10057,1.10073,2.25,1.00
2016.05.02 20:24:49.257,1.10057,1.10072,1.00,1.00
2016.05.02 20:24:49.773,1.10056,1.10072,1.00,3.37
2016.05.02 20:24:50.287,1.10056,1.10071,1.00,1.00
2016.05.02 20:24:52.939,1.10055,1.10071,1.50,1.50
2016.05.02 20:25:15.936,1.10055,1.1007,1.00,1.00
2016.05.02 20:25:16.486,1.10054,1.1007,1.50,1.50
2016.05.02 20:25:34.344,1.10054,1.1007,1.00,1.87
2016.05.02 20:25:34.886,1.10054,1.1007,1.00,2.62
2016.05.02 20:25:35.501,1.10055,1.10071,1.00,1.87
2016.05.02 20:25:36.009,1.10056,1.10071,1.00,1.00
2016.05.02 20:25:38.087,1.10054,1.1007,1.00,1.00
2016.05.02 20:25:41.211,1.10055,1.10071,1.00,1.50
2016.05.02 20:25:48.822,1.10054,1.1007,1.00,1.00
2016.05.02 20:25:54.756,1.10055,1.10071,1.00,1.00
2016.05.02 20:25:55.385,1.10056,1.10071,1.00,1.00
2016.05.02 20:25:55.904,1.10056,1.10072,1.50,1.50
2016.05.02 20:26:10.267,1.10057,1.10072,1.00,1.00
2016.05.02 20:26:10.882,1.10057,1.10073,1.00,1.50
2016.05.02 20:26:13.469,1.10058,1.10074,1.00,1.50
2016.05.02 20:26:18.545,1.1006,1.10076,1.00,1.12
2016.05.02 20:26:19.053,1.10061,1.10076,1.00,1.12
2016.05.02 20:26:19.557,1.1006,1.10076,1.50,1.12
2016.05.02 20:26:22.340,1.1006,1.10076,1.50,1.50
2016.05.02 20:26:23.460,1.1006,1.10076,1.87,1.12
2016.05.02 20:26:23.982,1.10061,1.10077,1.00,1.12
2016.05.02 20:26:24.512,1.1006,1.10076,1.50,1.12
2016.05.02 20:26:29.380,1.10059,1.10075,1.00,1.00
2016.05.02 20:26:32.157,1.10059,1.10075,1.00,1.37
2016.05.02 20:26:32.666,1.10058,1.10074,1.00,1.50
2016.05.02 20:26:33.198,1.10057,1.10073,1.00,1.12
2016.05.02 20:26:35.787,1.10057,1.10073,1.00,1.37
2016.05.02 20:26:39.742,1.10058,1.10073,1.00,1.50
2016.05.02 20:26:39.946,1.10058,1.10074,1.50,1.12
2016.05.02 20:26:40.458,1.10058,1.10074,1.50,1.50
2016.05.02 20:26:43.212,1.10058,1.10074,1.50,1.12
2016.05.02 20:26:45.099,1.10058,1.10074,1.00,1.37
2016.05.02 20:26:45.607,1.10059,1.10074,1.00,1.50
2016.05.02 20:26:46.120,1.1006,1.10074,1.00,1.50
2016.05.02 20:26:50.949,1.10058,1.10074,1.50,1.00
2016.05.02 20:26:51.480,1.10057,1.10073,1.00,1.87
2016.05.02 20:26:52.175,1.10057,1.10072,1.00,1.00
2016.05.02 20:26:52.684,1.10057,1.10073,1.50,1.00
2016.05.02 20:26:54.547,1.10058,1.10074,1.00,1.50
2016.05.02 20:26:55.892,1.10059,1.10074,1.00,1.00
2016.05.02 20:26:55.944,1.1006,1.10076,1.00,1.50
2016.05.02 20:27:03.324,1.10062,1.10078,1.50,1.00
2016.05.02 20:27:11.452,1.10063,1.10079,1.00,1.00
2016.05.02 20:27:16.782,1.10064,1.10079,1.00,1.00
2016.05.02 20:27:17.290,1.10063,1.10079,1.50,1.00
2016.05.02 20:27:26.248,1.10063,1.10078,1.00,1.00
2016.05.02 20:27:34.470,1.10063,1.10079,1.00,2.62
2016.05.02 20:27:34.978,1.10064,1.10079,1.00,1.00
2016.05.02 20:27:35.571,1.10064,1.1008,1.50,1.50
2016.05.02 20:27:39.539,1.10066,1.1008,1.00,1.00
2016.05.02 20:27:39.873,1.10066,1.10082,2.25,1.50
2016.05.02 20:27:40.407,1.10066,1.10081,1.50,1.00
2016.05.02 20:27:43.574,1.10065,1.1008,1.00,1.00
2016.05.02 20:27:44.180,1.10065,1.10081,1.00,1.50
2016.05.02 20:27:44.715,1.10065,1.1008,1.00,1.00
2016.05.02 20:27:45.233,1.10065,1.10081,1.00,1.50
2016.05.02 20:27:51.589,1.10065,1.1008,1.00,1.00
2016.05.02 20:27:52.130,1.10065,1.10081,1.00,1.50
2016.05.02 20:27:52.681,1.10065,1.1008,1.00,1.00
2016.05.02 20:27:53.501,1.10065,1.10081,1.00,1.87
2016.05.02 20:27:54.081,1.10065,1.1008,1.00,1.00
2016.05.02 20:27:54.622,1.10065,1.10081,1.00,1.00
2016.05.02 20:28:03.426,1.10066,1.10082,1.00,1.50
2016.05.02 20:28:04.450,1.10066,1.10082,1.00,2.25
2016.05.02 20:28:05.360,1.10066,1.10082,1.50,1.12
2016.05.02 20:28:06.377,1.10066,1.10081,1.50,1.00
2016.05.02 20:28:10.553,1.10067,1.10082,1.00,1.00
2016.05.02 20:28:12.896,1.10066,1.10082,1.50,1.87
2016.05.02 20:28:13.449,1.10066,1.10082,1.50,2.25
2016.05.02 20:28:14.829,1.10067,1.10082,1.00,2.25
2016.05.02 20:28:15.361,1.10067,1.10082,1.00,1.00
2016.05.02 20:28:15.911,1.10068,1.10082,1.00,1.00
2016.05.02 20:28:17.569,1.10068,1.10083,1.50,1.00
2016.05.02 20:28:18.514,1.10068,1.10084,1.50,1.87
2016.05.02 20:28:19.245,1.10068,1.10083,1.00,1.12
2016.05.02 20:28:31.509,1.10068,1.10082,1.00,1.00
2016.05.02 20:28:32.050,1.10068,1.10083,1.00,1.00
2016.05.02 20:28:32.574,1.10068,1.10084,1.50,1.12
2016.05.02 20:28:38.657,1.10069,1.10084,1.00,1.00
2016.05.02 20:28:45.022,1.1007,1.10084,1.00,1.00
2016.05.02 20:28:45.541,1.10069,1.10083,1.00,1.00
2016.05.02 20:28:46.050,1.10069,1.10082,1.00,1.00
2016.05.02 20:28:46.615,1.10069,1.10083,1.00,1.12
2016.05.02 20:28:55.726,1.1007,1.10083,1.00,1.00
2016.05.02 20:28:56.031,1.1007,1.10085,1.00,1.00
2016.05.02 20:28:59.515,1.10069,1.10085,1.50,1.12
2016.05.02 20:29:09.649,1.10069,1.10083,1.00,1.00
2016.05.02 20:29:12.265,1.10069,1.10084,1.00,1.00
2016.05.02 20:29:21.273,1.10069,1.10083,1.00,1.00
2016.05.02 20:29:25.130,1.10068,1.10083,1.50,1.00
2016.05.02 20:29:31.152,1.10069,1.10085,1.00,2.25
2016.05.02 20:29:31.681,1.10068,1.10084,3.00,1.00
2016.05.02 20:29:32.215,1.10069,1.10084,1.00,1.00
2016.05.02 20:29:37.558,1.1007,1.10084,1.00,1.00
2016.05.02 20:29:38.079,1.10069,1.10084,1.50,1.00
2016.05.02 20:29:49.260,1.10071,1.10084,1.00,1.00
2016.05.02 20:29:49.507,1.10071,1.10086,1.00,1.00
2016.05.02 20:29:52.851,1.10073,1.10086,1.00,1.00
2016.05.02 20:29:53.381,1.10073,1.10087,1.00,1.00
2016.05.02 20:29:54.888,1.10071,1.10087,2.25,1.00
2016.05.02 20:29:58.684,1.10071,1.10087,2.25,1.50
2016.05.02 20:29:59.315,1.10071,1.10087,2.25,1.12
2016.05.02 20:30:00.232,1.10071,1.10089,1.50,2.25
2016.05.02 20:30:00.496,1.10073,1.10089,1.00,1.50
2016.05.02 20:30:02.029,1.10073,1.1009,1.50,1.50
2016.05.02 20:30:02.981,1.10076,1.1009,1.00,1.50
2016.05.02 20:30:03.591,1.10075,1.1009,1.00,1.00
2016.05.02 20:30:03.896,1.1007,1.10085,1.00,1.00
2016.05.02 20:30:04.201,1.10068,1.10082,1.00,1.50
2016.05.02 20:30:04.319,1.10065,1.10081,1.00,1.00
2016.05.02 20:30:04.627,1.10063,1.10081,3.00,1.50
2016.05.02 20:30:05.135,1.10063,1.1008,2.25,1.00
2016.05.02 20:30:10.405,1.10061,1.10079,1.00,1.00
2016.05.02 20:30:10.712,1.1006,1.10077,1.50,1.00
2016.05.02 20:30:13.070,1.10063,1.10077,1.00,1.00
2016.05.02 20:30:13.172,1.10063,1.1008,1.50,1.50
2016.05.02 20:30:15.199,1.10064,1.1008,1.00,1.50
2016.05.02 20:30:18.503,1.10064,1.10081,1.00,1.50
2016.05.02 20:30:19.010,1.10064,1.1008,1.00,1.00
2016.05.02 20:30:21.040,1.10064,1.10081,1.00,1.12
2016.05.02 20:30:21.564,1.10065,1.10081,1.00,1.50
2016.05.02 20:30:22.954,1.10066,1.10083,1.00,1.87
2016.05.02 20:30:23.107,1.10066,1.10081,1.00,1.00
2016.05.02 20:30:23.617,1.10065,1.1008,1.00,1.00
2016.05.02 20:30:24.351,1.10065,1.10079,1.00,1.00
2016.05.02 20:30:25.094,1.10065,1.1008,1.00,1.00
2016.05.02 20:30:29.132,1.10065,1.10081,1.00,1.00
2016.05.02 20:30:30.565,1.10064,1.10081,1.00,1.50
2016.05.02 20:30:30.871,1.10064,1.10079,1.00,1.50
2016.05.02 20:30:32.229,1.10063,1.10079,1.00,1.50
2016.05.02 20:30:32.773,1.10062,1.10079,1.00,1.50
2016.05.02 20:30:35.224,1.10063,1.10079,1.00,1.50
2016.05.02 20:30:37.861,1.10065,1.10079,1.00,1.00
2016.05.02 20:30:37.913,1.10065,1.10081,1.00,1.50
2016.05.02 20:30:38.118,1.10067,1.1008,1.00,1.00
2016.05.02 20:30:38.664,1.10067,1.10081,1.00,1.50
2016.05.02 20:30:41.807,1.10066,1.10081,1.00,1.87
2016.05.02 20:30:49.877,1.10066,1.10081,1.00,1.37
2016.05.02 20:30:59.318,1.10067,1.10081,1.00,1.12
2016.05.02 20:31:00.508,1.10069,1.10081,1.00,1.00
2016.05.02 20:31:00.560,1.10069,1.10084,1.00,2.25
2016.05.02 20:31:00.731,1.10069,1.10085,1.00,1.87
2016.05.02 20:31:02.895,1.10069,1.10085,1.00,1.37
2016.05.02 20:31:02.946,1.10069,1.10082,1.00,1.00
2016.05.02 20:31:03.464,1.10069,1.10083,1.00,1.00
2016.05.02 20:31:04.540,1.10068,1.10082,1.00,1.00
2016.05.02 20:31:04.744,1.10065,1.10082,2.25,1.12
2016.05.02 20:31:04.947,1.10065,1.1008,1.50,1.00
2016.05.02 20:31:05.535,1.10064,1.1008,1.00,1.00
2016.05.02 20:31:10.144,1.10064,1.10079,1.00,1.00
2016.05.02 20:31:12.135,1.10063,1.10079,2.25,1.00
2016.05.02 20:31:12.442,1.10063,1.10077,1.00,1.00
2016.05.02 20:31:12.952,1.10064,1.10077,1.00,1.00
2016.05.02 20:31:13.737,1.10064,1.10078,1.00,1.00
2016.05.02 20:31:15.174,1.10064,1.10079,1.00,1.00
2016.05.02 20:31:15.683,1.10063,1.10079,1.50,1.00
2016.05.02 20:31:16.215,1.10062,1.10078,1.50,1.00
2016.05.02 20:31:16.723,1.10062,1.10077,1.00,1.00
2016.05.02 20:31:18.872,1.10063,1.10077,1.00,1.00
2016.05.02 20:31:19.213,1.10065,1.10078,1.00,1.00
2016.05.02 20:31:19.672,1.10063,1.10078,1.00,1.00
2016.05.02 20:31:19.876,1.10063,1.10076,1.00,1.00
2016.05.02 20:31:20.402,1.10062,1.10076,1.00,1.00
2016.05.02 20:31:21.561,1.10063,1.10076,1.00,1.00
2016.05.02 20:31:21.663,1.10063,1.10079,1.00,1.00
2016.05.02 20:31:21.765,1.10065,1.10079,1.00,1.00
2016.05.02 20:31:25.087,1.10065,1.1008,1.00,1.50
2016.05.02 20:31:25.868,1.10066,1.1008,1.00,1.50
2016.05.02 20:31:26.309,1.10062,1.10079,1.00,1.50
2016.05.02 20:31:26.412,1.10062,1.10077,1.00,1.00
2016.05.02 20:31:26.719,1.10062,1.10075,1.00,1.00
2016.05.02 20:31:28.778,1.10063,1.10075,1.00,1.00
2016.05.02 20:31:28.881,1.10063,1.10078,1.00,1.00
2016.05.02 20:31:28.932,1.10066,1.10078,1.00,1.00
2016.05.02 20:31:28.983,1.10066,1.1008,1.00,1.12
2016.05.02 20:31:29.979,1.10066,1.10081,1.00,1.87
2016.05.02 20:31:30.966,1.10067,1.10081,1.00,1.50
2016.05.02 20:31:31.475,1.10066,1.10081,1.00,1.50
2016.05.02 20:31:31.780,1.10065,1.10079,1.00,1.00
2016.05.02 20:31:33.216,1.10065,1.1008,1.00,1.00
2016.05.02 20:31:33.735,1.10066,1.10081,1.00,1.50
2016.05.02 20:31:34.240,1.10066,1.1008,1.00,1.00
2016.05.02 20:31:34.794,1.10066,1.10079,1.00,1.00
2016.05.02 20:31:35.332,1.10065,1.10079,1.00,1.00
2016.05.02 20:31:44.329,1.10063,1.10079,1.00,1.50
2016.05.02 20:31:44.434,1.10063,1.10077,1.00,1.00
2016.05.02 20:31:44.943,1.10063,1.10076,1.00,1.00
2016.05.02 20:31:45.469,1.10063,1.10077,1.00,1.00
2016.05.02 20:31:46.003,1.10063,1.10079,1.00,2.25
2016.05.02 20:31:46.334,1.10066,1.10081,1.00,1.75
2016.05.02 20:31:46.436,1.10066,1.10081,1.00,1.50
2016.05.02 20:31:46.945,1.10065,1.10079,1.00,1.00
2016.05.02 20:31:51.688,1.10064,1.10079,1.00,1.00
2016.05.02 20:31:57.716,1.10065,1.10079,1.00,1.12
2016.05.02 20:31:59.076,1.10066,1.10079,1.00,1.12
2016.05.02 20:32:01.070,1.10065,1.10079,1.00,1.12
2016.05.02 20:32:04.030,1.10064,1.10079,1.00,1.12
2016.05.02 20:32:11.119,1.10064,1.10079,1.00,1.37
2016.05.02 20:32:11.855,1.10063,1.10078,1.00,1.75
2016.05.02 20:32:12.390,1.10062,1.10078,1.00,2.25
2016.05.02 20:32:13.627,1.10062,1.10077,1.00,1.50
2016.05.02 20:32:13.984,1.10061,1.10075,1.00,1.00
2016.05.02 20:32:14.493,1.1006,1.10075,1.00,1.00
2016.05.02 20:32:20.327,1.10061,1.10075,1.00,1.50
2016.05.02 20:32:20.585,1.10061,1.10077,1.00,1.12
2016.05.02 20:32:21.999,1.10063,1.10077,1.00,1.50
2016.05.02 20:32:29.200,1.10063,1.10078,1.00,1.87
2016.05.02 20:32:32.918,1.10064,1.10078,1.00,1.00
2016.05.02 20:32:33.429,1.10064,1.10077,1.00,1.00
2016.05.02 20:32:33.938,1.10065,1.10077,1.00,1.00
2016.05.02 20:32:34.091,1.10065,1.10079,1.00,1.50
2016.05.02 20:32:35.292,1.10065,1.1008,1.50,1.00
2016.05.02 20:32:35.546,1.10067,1.1008,1.00,1.00
2016.05.02 20:32:35.699,1.10067,1.10082,1.50,3.00
2016.05.02 20:32:36.218,1.10068,1.10082,1.00,1.00
2016.05.02 20:32:37.031,1.10067,1.10082,1.50,1.00
2016.05.02 20:32:38.383,1.10067,1.10083,1.50,1.12
2016.05.02 20:32:40.283,1.10066,1.10083,1.50,1.12
2016.05.02 20:32:40.539,1.10066,1.10081,1.00,1.00
2016.05.02 20:32:42.486,1.10067,1.10081,1.00,1.00
2016.05.02 20:32:42.999,1.10066,1.10082,1.00,1.12
2016.05.02 20:32:43.560,1.10067,1.10082,1.00,1.12
2016.05.02 20:32:44.068,1.10066,1.10081,1.00,1.00
2016.05.02 20:32:44.579,1.10065,1.10083,1.50,2.25
2016.05.02 20:32:44.885,1.10063,1.10079,2.25,1.50
2016.05.02 20:32:45.458,1.10061,1.10077,1.50,1.00
2016.05.02 20:32:45.972,1.10061,1.10076,1.50,1.00
2016.05.02 20:32:46.515,1.10062,1.10076,1.00,1.00
2016.05.02 20:32:47.768,1.10063,1.10076,1.00,1.00
2016.05.02 20:32:47.870,1.10063,1.10079,1.50,1.50
2016.05.02 20:32:48.145,1.10065,1.10081,1.00,1.75
2016.05.02 20:32:49.115,1.10065,1.10082,1.50,3.00
2016.05.02 20:32:49.623,1.10065,1.10082,1.50,3.00
2016.05.02 20:32:52.002,1.10065,1.10079,1.00,1.00
2016.05.02 20:32:52.155,1.10063,1.10079,1.50,1.50
2016.05.02 20:32:52.665,1.10063,1.10078,1.00,1.00
2016.05.02 20:32:52.818,1.10061,1.10078,1.50,1.00
2016.05.02 20:32:53.281,1.1006,1.10076,1.50,1.00
2016.05.02 20:32:53.791,1.1006,1.10075,1.00,1.00
2016.05.02 20:32:56.212,1.1006,1.10076,1.50,1.50
2016.05.02 20:33:01.155,1.10061,1.10076,1.00,1.00
2016.05.02 20:33:04.064,1.10061,1.10076,1.50,1.00
2016.05.02 20:33:04.115,1.10061,1.10079,1.50,1.50
2016.05.02 20:33:04.623,1.10063,1.10079,1.00,1.00
2016.05.02 20:33:04.833,1.10064,1.10081,1.50,1.12
2016.05.02 20:33:05.341,1.10065,1.10081,1.00,1.00
2016.05.02 20:33:05.867,1.10064,1.10081,1.50,1.00
2016.05.02 20:33:06.406,1.10064,1.10082,1.50,4.12
2016.05.02 20:33:10.220,1.10064,1.10081,1.00,3.00
2016.05.02 20:33:10.271,1.10062,1.1008,1.00,1.50
2016.05.02 20:33:18.021,1.10062,1.10079,1.50,1.00
2016.05.02 20:33:18.892,1.10063,1.10079,1.00,3.00
2016.05.02 20:33:19.214,1.10065,1.1008,1.00,3.00
2016.05.02 20:33:19.913,1.10065,1.10082,1.00,3.75
2016.05.02 20:33:23.020,1.10064,1.1008,1.00,1.00
2016.05.02 20:33:23.122,1.10062,1.1008,1.00,1.00
2016.05.02 20:33:24.823,1.10062,1.10079,1.00,1.00
2016.05.02 20:33:25.363,1.10061,1.10078,1.50,3.75
2016.05.02 20:33:29.233,1.10061,1.10077,1.50,1.00
2016.05.02 20:33:33.568,1.1006,1.10077,2.25,1.00
2016.05.02 20:33:38.121,1.1006,1.10076,1.00,1.00
2016.05.02 20:33:50.677,1.10062,1.10076,1.00,1.00
2016.05.02 20:33:50.846,1.10062,1.10079,1.00,1.00
2016.05.02 20:33:51.564,1.10062,1.10077,1.00,1.00
2016.05.02 20:33:58.182,1.10064,1.10077,1.00,1.00
2016.05.02 20:33:58.488,1.1007,1.10082,1.00,1.00
2016.05.02 20:33:58.996,1.10071,1.10082,1.00,1.00
2016.05.02 20:33:59.602,1.10072,1.10082,1.00,1.00
2016.05.02 20:33:59.653,1.10072,1.10085,1.00,1.00
2016.05.02 20:33:59.857,1.10073,1.10087,1.00,1.00
2016.05.02 20:34:00.111,1.10075,1.10087,1.00,1.00
2016.05.02 20:34:00.163,1.10075,1.10089,1.00,1.00
2016.05.02 20:34:00.688,1.10074,1.10089,1.50,1.00
2016.05.02 20:34:05.323,1.10073,1.10089,1.50,1.00
2016.05.02 20:34:07.654,1.10075,1.1009,1.00,3.00
2016.05.02 20:34:07.757,1.10075,1.10092,1.00,3.37
2016.05.02 20:34:11.598,1.10075,1.10093,1.00,3.75
2016.05.02 20:34:12.530,1.10075,1.10093,1.00,3.75
2016.05.02 20:34:20.820,1.10075,1.10093,1.00,3.75
2016.05.02 20:34:21.828,1.10077,1.10093,1.50,3.00
2016.05.02 20:34:22.236,1.10077,1.10095,1.50,3.37
2016.05.02 20:34:22.809,1.10078,1.10095,1.00,3.37
2016.05.02 20:34:22.860,1.10078,1.10095,1.00,3.37
2016.05.02 20:34:23.368,1.10078,1.10095,1.00,3.75
2016.05.02 20:34:23.895,1.10078,1.10095,1.00,3.37
2016.05.02 20:34:26.132,1.10079,1.10095,1.00,3.37
2016.05.02 20:34:28.104,1.10078,1.10094,1.00,3.37
2016.05.02 20:34:30.887,1.10078,1.10095,1.50,3.37
2016.05.02 20:34:37.156,1.10078,1.10096,1.50,3.75
2016.05.02 20:34:38.758,1.10078,1.10095,1.50,1.50
2016.05.02 20:34:40.238,1.1008,1.10095,1.00,1.12
2016.05.02 20:34:42.594,1.10079,1.10095,1.00,1.12
2016.05.02 20:34:43.979,1.10079,1.10094,1.00,1.00
2016.05.02 20:34:45.205,1.10079,1.10095,1.00,1.12
2016.05.02 20:34:46.150,1.10081,1.10095,1.00,1.12
2016.05.02 20:34:46.506,1.10081,1.10098,2.25,1.12
2016.05.02 20:34:48.859,1.10083,1.10098,1.00,1.12
2016.05.02 20:34:51.612,1.10083,1.10098,1.50,1.50
2016.05.02 20:34:52.154,1.10083,1.10098,1.00,1.12
2016.05.02 20:34:52.745,1.10083,1.10098,1.00,1.50
2016.05.02 20:34:54.917,1.10082,1.10098,1.50,1.50
2016.05.02 20:34:55.444,1.10083,1.10098,1.00,1.50
2016.05.02 20:35:00.679,1.10084,1.10098,1.00,1.50
2016.05.02 20:35:01.019,1.10084,1.10099,1.00,1.00
2016.05.02 20:35:01.273,1.10081,1.10098,1.00,1.00
2016.05.02 20:35:01.427,1.10081,1.10096,1.00,1.00
2016.05.02 20:35:01.488,1.10079,1.10096,1.00,1.00
2016.05.02 20:35:01.743,1.10076,1.10096,2.62,1.12
2016.05.02 20:35:01.895,1.10078,1.10096,1.00,1.12
2016.05.02 20:35:02.604,1.10078,1.10095,1.00,1.00
2016.05.02 20:35:03.840,1.1008,1.10095,1.00,1.00
2016.05.02 20:35:04.342,1.1008,1.10096,1.00,1.00
2016.05.02 20:35:04.999,1.10079,1.10096,1.50,1.00
2016.05.02 20:35:05.627,1.10079,1.10097,1.50,1.00
2016.05.02 20:35:09.615,1.10078,1.10097,1.00,1.12
2016.05.02 20:35:09.920,1.10077,1.10095,1.00,1.00
2016.05.02 20:35:10.628,1.10079,1.10095,1.00,1.00
2016.05.02 20:35:11.173,1.10079,1.10096,1.00,1.00
2016.05.02 20:35:12.913,1.10079,1.10095,1.00,1.00
2016.05.02 20:35:13.422,1.1008,1.10095,1.00,1.00
2016.05.02 20:35:13.959,1.10081,1.10095,1.00,1.00
2016.05.02 20:35:14.505,1.10081,1.10096,1.00,1.00
2016.05.02 20:35:15.230,1.10081,1.10095,1.00,1.00
2016.05.02 20:35:17.364,1.10082,1.10097,1.50,1.00
2016.05.02 20:35:23.939,1.10082,1.10098,1.50,1.00
2016.05.02 20:35:29.824,1.10083,1.10098,1.00,1.00
2016.05.02 20:35:29.926,1.10085,1.10099,1.00,3.37
2016.05.02 20:35:30.436,1.10085,1.10101,1.00,3.75
2016.05.02 20:35:30.975,1.10084,1.10101,1.00,3.75
2016.05.02 20:35:31.553,1.10083,1.10099,1.00,3.37
2016.05.02 20:35:32.375,1.10083,1.10098,1.00,3.00
2016.05.02 20:35:33.433,1.10083,1.10099,1.00,3.37
2016.05.02 20:35:36.408,1.10083,1.10099,1.00,3.37
2016.05.02 20:35:36.516,1.1008,1.10099,1.00,3.75
2016.05.02 20:35:37.075,1.10081,1.10099,1.00,3.75
2016.05.02 20:35:37.598,1.1008,1.10098,1.00,3.37
2016.05.02 20:35:38.459,1.10081,1.10098,1.00,3.37
2016.05.02 20:35:39.004,1.1008,1.10097,1.00,3.00
2016.05.02 20:35:39.903,1.10081,1.10097,1.00,3.00
2016.05.02 20:35:42.372,1.10082,1.10097,1.00,3.37
2016.05.02 20:35:43.062,1.10083,1.10097,1.00,3.00
2016.05.02 20:35:43.317,1.10086,1.10097,1.00,3.00
2016.05.02 20:35:43.368,1.10084,1.101,1.50,3.75
2016.05.02 20:35:43.420,1.10088,1.101,1.00,3.37
2016.05.02 20:35:44.354,1.10087,1.101,1.00,3.37
2016.05.02 20:35:47.728,1.10087,1.10101,1.00,3.75
2016.05.02 20:35:48.043,1.10089,1.10101,1.00,3.37
2016.05.02 20:35:48.209,1.10087,1.10101,1.00,3.37
2016.05.02 20:35:48.616,1.10089,1.10102,1.00,3.75
2016.05.02 20:35:48.770,1.10086,1.10102,1.50,3.37
2016.05.02 20:35:49.052,1.10088,1.10102,1.00,3.00
2016.05.02 20:35:49.563,1.10087,1.10102,1.00,3.75
2016.05.02 20:35:51.147,1.10087,1.10102,1.00,3.00
2016.05.02 20:35:51.453,1.10089,1.10102,1.00,3.00
2016.05.02 20:35:54.351,1.10089,1.10101,1.00,3.00
2016.05.02 20:35:56.101,1.10089,1.10102,1.00,3.37
2016.05.02 20:35:56.851,1.10088,1.10102,1.50,3.00
2016.05.02 20:35:57.760,1.10088,1.10101,1.50,3.00
2016.05.02 20:35:59.613,1.10086,1.10101,1.00,3.00
2016.05.02 20:36:00.143,1.10086,1.101,1.00,1.00
2016.05.02 20:36:00.359,1.10088,1.101,1.00,1.00
2016.05.02 20:36:00.889,1.10089,1.10101,1.00,1.00
2016.05.02 20:36:01.774,1.10089,1.10102,1.00,1.00
2016.05.02 20:36:09.816,1.10088,1.10102,2.25,1.00
2016.05.02 20:36:13.496,1.10087,1.10102,1.50,1.00
2016.05.02 20:36:13.801,1.10087,1.101,1.00,1.00
2016.05.02 20:36:18.497,1.10086,1.101,1.50,1.00
2016.05.02 20:36:19.267,1.10086,1.10101,1.50,1.00
2016.05.02 20:36:21.431,1.10085,1.10101,1.00,1.00
2016.05.02 20:36:22.291,1.10085,1.101,1.00,1.00
2016.05.02 20:36:28.068,1.10085,1.10099,1.00,1.00
2016.05.02 20:36:30.163,1.10085,1.10098,1.00,1.00
2016.05.02 20:36:47.665,1.10085,1.10099,1.00,1.00
2016.05.02 20:36:48.876,1.10085,1.10098,1.00,1.00
2016.05.02 20:36:50.973,1.10085,1.10099,1.00,1.00
2016.05.02 20:36:52.173,1.10085,1.10098,1.00,1.00
2016.05.02 20:36:53.376,1.10085,1.10099,1.00,1.00
2016.05.02 20:36:56.182,1.10085,1.10098,1.00,1.00
2016.05.02 20:37:02.016,1.10082,1.10098,1.49,1.00
2016.05.02 20:37:02.323,1.10082,1.10096,1.00,1.00
2016.05.02 20:37:02.970,1.1008,1.10096,1.00,1.00
2016.05.02 20:37:03.496,1.1008,1.10095,1.00,1.00
2016.05.02 20:37:09.012,1.1008,1.10096,1.50,1.00
2016.05.02 20:37:10.217,1.1008,1.10095,1.50,1.00
2016.05.02 20:37:12.274,1.10079,1.10095,1.00,1.00
2016.05.02 20:37:13.780,1.1008,1.10096,1.00,1.00
2016.05.02 20:37:17.493,1.10081,1.10096,1.00,1.00
2016.05.02 20:37:18.007,1.10082,1.10096,1.50,1.00
2016.05.02 20:37:19.082,1.10082,1.10097,1.50,1.00
2016.05.02 20:37:19.285,1.10082,1.10095,1.00,1.00
2016.05.02 20:37:19.337,1.1008,1.10095,1.00,1.00
2016.05.02 20:37:31.182,1.10079,1.10095,1.50,1.00
2016.05.02 20:37:38.329,1.10078,1.10095,1.50,1.00
2016.05.02 20:37:38.634,1.10078,1.10093,1.00,1.00
2016.05.02 20:37:40.007,1.10078,1.10094,1.00,1.00
2016.05.02 20:37:44.611,1.10077,1.10094,1.50,1.00
2016.05.02 20:37:51.525,1.10078,1.10095,1.00,3.37
2016.05.02 20:38:01.941,1.10076,1.10095,1.50,3.37
2016.05.02 20:38:02.490,1.10076,1.10094,1.50,3.37
2016.05.02 20:38:13.271,1.10075,1.10093,1.50,1.00
2016.05.02 20:38:14.773,1.10075,1.10092,1.50,1.00
2016.05.02 20:38:27.440,1.10075,1.10091,1.00,1.00
2016.05.02 20:38:31.446,1.10074,1.10091,1.00,1.00
2016.05.02 20:38:36.920,1.10073,1.10091,1.50,1.00
2016.05.02 20:38:37.429,1.10072,1.1009,1.00,1.00
2016.05.02 20:38:38.413,1.10074,1.1009,1.00,1.00
2016.05.02 20:38:38.584,1.10074,1.10092,2.25,1.00
2016.05.02 20:38:39.092,1.10075,1.10092,1.00,1.00
2016.05.02 20:38:48.006,1.10075,1.10091,1.00,1.00
2016.05.02 20:38:55.032,1.10074,1.10091,1.00,1.00
2016.05.02 20:38:55.575,1.10073,1.10091,3.00,1.00
2016.05.02 20:38:59.457,1.10074,1.10091,1.00,1.00
2016.05.02 20:38:59.764,1.10072,1.10091,2.25,1.00
2016.05.02 20:38:59.815,1.10072,1.10089,1.50,1.00
2016.05.02 20:39:01.045,1.10073,1.10089,1.00,1.00
2016.05.02 20:39:01.566,1.10074,1.10089,1.00,1.00
2016.05.02 20:39:01.771,1.10074,1.10091,1.00,1.00
2016.05.02 20:39:01.873,1.10073,1.10089,1.00,1.00
2016.05.02 20:39:02.382,1.10072,1.10089,1.50,1.00
2016.05.02 20:39:03.675,1.10074,1.10089,1.00,1.00
2016.05.02 20:39:05.436,1.10074,1.1009,1.00,1.00
2016.05.02 20:39:05.962,1.10076,1.1009,1.00,1.00
2016.05.02 20:39:07.006,1.10076,1.10091,1.00,1.00
2016.05.02 20:39:10.214,1.10076,1.10092,1.00,1.00
2016.05.02 20:39:11.269,1.10075,1.10092,1.00,1.00
2016.05.02 20:39:11.765,1.10073,1.10091,2.25,1.00
2016.05.02 20:39:12.922,1.10073,1.1009,1.00,1.00
2016.05.02 20:39:14.179,1.10074,1.1009,1.00,1.00
2016.05.02 20:39:15.578,1.10074,1.10091,1.00,1.00
2016.05.02 20:39:17.089,1.10073,1.10091,3.00,1.00
2016.05.02 20:39:18.951,1.10074,1.10091,1.00,1.00
2016.05.02 20:39:59.344,1.10074,1.1009,1.00,1.00
2016.05.02 20:40:00.564,1.10074,1.10091,1.50,1.00
2016.05.02 20:40:02.543,1.10077,1.10091,1.00,1.00
2016.05.02 20:40:02.645,1.10077,1.10093,1.50,1.00
2016.05.02 20:40:02.696,1.10079,1.10093,1.00,1.00
2016.05.02 20:40:03.052,1.10077,1.10093,1.50,1.00
2016.05.02 20:40:09.756,1.10079,1.10093,1.00,1.00
2016.05.02 20:40:10.880,1.10079,1.10094,1.50,1.00
2016.05.02 20:40:10.982,1.10079,1.10096,2.25,1.00
2016.05.02 20:40:11.187,1.10081,1.10096,1.00,1.00
2016.05.02 20:40:12.054,1.10081,1.10097,2.25,1.00
2016.05.02 20:40:16.287,1.1008,1.10097,3.00,1.00
2016.05.02 20:40:17.341,1.1008,1.10096,1.00,1.00
2016.05.02 20:40:21.480,1.1008,1.10095,1.00,1.00
2016.05.02 20:40:22.430,1.10079,1.10095,1.00,1.00
2016.05.02 20:40:22.957,1.10079,1.10096,1.00,1.00
2016.05.02 20:40:23.788,1.10079,1.10095,1.00,1.00
2016.05.02 20:40:29.177,1.10078,1.10095,1.50,1.00
2016.05.02 20:40:35.034,1.10076,1.10095,2.25,1.50
2016.05.02 20:40:35.187,1.10077,1.10093,1.00,1.00
2016.05.02 20:40:35.530,1.10076,1.10091,1.00,1.00
2016.05.02 20:40:39.256,1.10076,1.10092,1.00,1.00
2016.05.02 20:40:40.734,1.10075,1.10092,1.00,1.00
2016.05.02 20:40:46.126,1.10074,1.10092,2.25,1.00
2016.05.02 20:40:46.842,1.10075,1.10092,1.00,1.00
2016.05.02 20:40:47.150,1.10081,1.10095,2.25,3.00
2016.05.02 20:40:47.202,1.10081,1.10099,2.25,4.50
2016.05.02 20:40:47.711,1.10079,1.10097,1.00,3.00
2016.05.02 20:40:48.673,1.10079,1.10096,1.00,3.00
2016.05.02 20:40:51.566,1.10079,1.10097,1.00,3.00
2016.05.02 20:40:53.284,1.10079,1.10096,1.00,3.00
2016.05.02 20:40:59.775,1.10079,1.10097,2.25,3.00
2016.05.02 20:41:00.323,1.1008,1.10097,1.00,3.00
2016.05.02 20:41:04.324,1.10081,1.10097,1.00,3.00
2016.05.02 20:41:05.086,1.10081,1.10099,2.25,3.00
2016.05.02 20:41:06.423,1.10081,1.10098,1.00,3.00
2016.05.02 20:41:09.121,1.10082,1.10098,1.00,3.00
2016.05.02 20:41:14.023,1.10081,1.10098,1.00,3.00
2016.05.02 20:41:14.127,1.10084,1.10098,1.00,3.75
2016.05.02 20:41:14.393,1.10082,1.101,3.00,3.75
2016.05.02 20:41:14.904,1.10081,1.10098,1.00,3.00
2016.05.02 20:41:16.993,1.10081,1.10097,1.00,1.00
2016.05.02 20:41:17.586,1.10082,1.10097,1.00,1.00
2016.05.02 20:41:18.185,1.10083,1.10097,1.00,1.00
2016.05.02 20:41:19.241,1.10083,1.10098,1.00,1.00
2016.05.02 20:41:21.549,1.10082,1.10098,1.00,1.00
2016.05.02 20:41:22.710,1.10083,1.10097,1.00,1.00
2016.05.02 20:41:23.636,1.10082,1.10097,1.00,1.00
2016.05.02 20:41:24.145,1.10082,1.10098,1.50,1.00
2016.05.02 20:41:28.340,1.10084,1.10098,1.00,1.12
2016.05.02 20:41:30.663,1.10085,1.10098,1.00,1.00
2016.05.02 20:41:31.180,1.10084,1.10099,1.00,1.00
2016.05.02 20:41:33.619,1.10084,1.10098,1.00,1.00
2016.05.02 20:41:34.973,1.10086,1.10098,1.00,1.00
2016.05.02 20:41:35.223,1.10086,1.101,1.00,1.12
2016.05.02 20:41:35.630,1.10083,1.10098,2.25,1.00
2016.05.02 20:41:37.627,1.10083,1.10097,1.00,1.00
2016.05.02 20:41:38.913,1.10083,1.10098,1.00,1.12
2016.05.02 20:41:41.923,1.10084,1.10098,1.00,1.00
2016.05.02 20:41:44.374,1.10084,1.10099,2.25,1.00
2016.05.02 20:41:47.112,1.10085,1.10099,1.00,1.12
2016.05.02 20:41:50.362,1.10084,1.10099,1.00,1.12
2016.05.02 20:41:50.567,1.10083,1.10097,1.00,1.00
2016.05.02 20:41:51.069,1.10081,1.10097,2.25,1.12
2016.05.02 20:41:51.583,1.10082,1.10097,1.00,1.12
2016.05.02 20:41:58.991,1.10083,1.10097,2.25,1.00
2016.05.02 20:41:59.505,1.10084,1.10098,1.00,1.00
2016.05.02 20:42:07.162,1.10084,1.10099,1.00,1.12
2016.05.02 20:42:18.133,1.10086,1.10099,1.00,1.00
2016.05.02 20:42:18.642,1.10085,1.10099,1.00,1.00
2016.05.02 20:42:20.446,1.10085,1.101,1.00,1.12
2016.05.02 20:42:20.963,1.10085,1.10099,1.00,1.00
2016.05.02 20:42:23.202,1.10083,1.10099,1.00,1.12
2016.05.02 20:42:24.667,1.10082,1.10099,1.50,1.37
2016.05.02 20:42:24.719,1.1008,1.10098,1.50,1.12
2016.05.02 20:42:25.227,1.1008,1.10098,1.50,1.50
2016.05.02 20:42:25.769,1.1008,1.10098,1.50,1.12
2016.05.02 20:42:26.304,1.1008,1.10097,1.50,1.00
2016.05.02 20:42:30.764,1.10081,1.10097,1.00,1.00
2016.05.02 20:42:34.073,1.10082,1.10097,1.00,1.00
2016.05.02 20:42:34.434,1.10084,1.10097,1.00,1.00
2016.05.02 20:42:36.426,1.10086,1.10098,1.00,1.00
2016.05.02 20:42:37.188,1.10084,1.10098,1.00,1.00
2016.05.02 20:42:40.370,1.10085,1.10098,1.00,1.00
2016.05.02 20:42:41.437,1.10085,1.10099,1.00,1.00
2016.05.02 20:42:43.792,1.10084,1.10099,1.00,1.12
2016.05.02 20:42:44.105,1.10085,1.10097,1.00,1.00
2016.05.02 20:42:44.614,1.10084,1.10097,1.00,1.00
2016.05.02 20:42:45.195,1.10083,1.10097,1.00,1.00
2016.05.02 20:42:45.745,1.10083,1.10098,1.00,1.12
2016.05.02 20:42:52.922,1.10082,1.10098,2.25,1.12
2016.05.02 20:42:57.342,1.10082,1.10098,1.50,1.37
2016.05.02 20:43:01.831,1.10082,1.10098,1.50,1.00
2016.05.02 20:43:03.032,1.10082,1.10099,1.50,1.00
2016.05.02 20:43:04.694,1.10083,1.10099,1.00,1.00
2016.05.02 20:43:05.208,1.10082,1.10099,1.00,1.50
2016.05.02 20:43:09.200,1.10081,1.10098,2.25,1.12
2016.05.02 20:43:10.085,1.10082,1.10098,1.00,1.12
2016.05.02 20:43:14.811,1.10084,1.10098,1.00,1.12
2016.05.02 20:43:15.014,1.10082,1.10098,1.00,1.12
2016.05.02 20:43:17.109,1.10084,1.10098,1.00,1.12
2016.05.02 20:43:17.668,1.10082,1.10098,1.00,1.12
2016.05.02 20:43:18.774,1.10083,1.10098,1.00,1.12
2016.05.02 20:43:27.569,1.10084,1.10098,1.00,1.00
2016.05.02 20:43:30.150,1.10084,1.10097,1.00,1.00
2016.05.02 20:43:31.136,1.10084,1.10098,1.50,1.00
2016.05.02 20:44:08.726,1.10083,1.10098,1.00,1.00
2016.05.02 20:44:15.280,1.10083,1.10097,1.00,1.00
2016.05.02 20:44:19.591,1.10083,1.10098,1.00,1.00
2016.05.02 20:44:22.077,1.10084,1.10098,1.00,1.00
2016.05.02 20:44:24.412,1.10083,1.10098,1.50,1.00
2016.05.02 20:44:40.420,1.10082,1.10098,1.50,1.00
2016.05.02 20:44:43.109,1.10083,1.10098,1.00,1.00
2016.05.02 20:44:49.742,1.10084,1.10098,1.00,1.00
2016.05.02 20:44:58.788,1.10084,1.10099,1.00,1.00
2016.05.02 20:44:59.481,1.10086,1.10099,1.00,1.00
2016.05.02 20:44:59.584,1.10086,1.10101,1.00,1.00
2016.05.02 20:45:00.095,1.10087,1.10101,1.00,1.00
2016.05.02 20:45:01.826,1.10086,1.10101,1.00,1.00
2016.05.02 20:45:01.878,1.10086,1.10099,1.00,1.00
2016.05.02 20:45:02.337,1.10084,1.10099,1.00,1.00
2016.05.02 20:45:04.850,1.10084,1.10098,1.00,1.00
2016.05.02 20:45:06.788,1.10083,1.10098,1.00,1.00
2016.05.02 20:45:10.470,1.10083,1.10099,1.00,1.00
2016.05.02 20:45:14.010,1.10082,1.10099,2.25,1.00
2016.05.02 20:45:15.880,1.10084,1.10099,1.00,1.00
2016.05.02 20:45:17.669,1.10083,1.10099,1.50,1.00
2016.05.02 20:45:18.177,1.10083,1.10098,1.00,1.00
2016.05.02 20:45:29.323,1.10084,1.10098,1.00,1.00
2016.05.02 20:45:31.135,1.10083,1.10098,1.00,1.00
2016.05.02 20:45:33.086,1.10084,1.10098,1.50,1.00
2016.05.02 20:45:33.595,1.10085,1.10099,1.00,1.00
2016.05.02 20:45:34.138,1.10086,1.10099,1.00,1.00
2016.05.02 20:45:34.653,1.10086,1.101,1.00,1.00
2016.05.02 20:45:42.832,1.10085,1.101,2.25,1.00
2016.05.02 20:45:43.139,1.10087,1.101,1.00,1.00
2016.05.02 20:45:43.393,1.10085,1.101,1.00,1.00
2016.05.02 20:45:43.901,1.10086,1.101,1.00,1.00
2016.05.02 20:45:45.387,1.10085,1.10099,1.00,1.00
2016.05.02 20:45:49.052,1.10086,1.10099,1.00,1.00
2016.05.02 20:45:51.588,1.10086,1.10098,1.00,1.00
2016.05.02 20:45:55.851,1.10088,1.10098,1.00,1.00
2016.05.02 20:45:56.366,1.10088,1.10099,1.00,1.00
2016.05.02 20:45:57.183,1.10088,1.101,1.00,1.00
2016.05.02 20:46:01.994,1.10086,1.101,1.00,1.00
2016.05.02 20:46:04.785,1.10086,1.10099,1.00,1.00
2016.05.02 20:46:12.576,1.10088,1.10099,1.00,1.00
2016.05.02 20:46:12.882,1.10085,1.10099,1.00,1.00
2016.05.02 20:46:15.079,1.10085,1.10098,1.00,1.00
2016.05.02 20:46:15.589,1.10084,1.10098,1.00,1.00
2016.05.02 20:46:16.175,1.10082,1.10098,2.25,1.00
2016.05.02 20:46:17.782,1.10082,1.10097,1.50,1.00
2016.05.02 20:46:17.833,1.10082,1.10092,1.00,1.50
2016.05.02 20:46:17.885,1.10078,1.10092,1.00,1.50
2016.05.02 20:46:17.936,1.10075,1.10093,2.25,1.50
2016.05.02 20:46:18.090,1.10077,1.10094,1.00,1.00
2016.05.02 20:46:18.597,1.10077,1.10095,1.00,1.00
2016.05.02 20:46:19.122,1.10077,1.10096,1.00,2.25
2016.05.02 20:46:30.479,1.10079,1.10096,1.00,1.50
2016.05.02 20:46:31.023,1.10079,1.10097,1.00,1.50
2016.05.02 20:46:37.437,1.10078,1.10097,1.00,1.50
2016.05.02 20:46:47.611,1.10078,1.10096,1.00,1.00
2016.05.02 20:46:49.419,1.10079,1.10096,1.00,1.00
2016.05.02 20:46:49.994,1.1008,1.10096,1.50,1.00
2016.05.02 20:46:50.512,1.1008,1.10097,1.50,1.50
2016.05.02 20:46:52.929,1.10078,1.10097,1.50,1.50
2016.05.02 20:46:56.145,1.10077,1.10097,1.00,3.00
2016.05.02 20:46:56.196,1.10077,1.10094,1.00,1.00
2016.05.02 20:46:58.017,1.10077,1.10095,1.00,1.00
2016.05.02 20:46:58.611,1.10077,1.10096,1.00,1.50
2016.05.02 20:47:00.248,1.10077,1.10097,1.00,3.00
2016.05.02 20:47:01.059,1.10077,1.10096,1.00,1.00
2016.05.02 20:47:01.578,1.10076,1.10095,1.50,1.00
2016.05.02 20:47:11.705,1.10076,1.10096,1.50,1.87
2016.05.02 20:47:12.029,1.10078,1.10096,1.00,1.50
2016.05.02 20:47:26.668,1.10078,1.10097,1.00,1.87
2016.05.02 20:47:30.445,1.10078,1.10097,1.00,2.25
2016.05.02 20:47:31.056,1.10079,1.10096,1.00,1.50
2016.05.02 20:47:38.586,1.10079,1.10097,1.00,2.25
2016.05.02 20:47:39.800,1.10079,1.10096,1.00,1.50
2016.05.02 20:47:47.968,1.10082,1.10096,1.00,1.50
2016.05.02 20:47:48.219,1.10082,1.10098,1.00,1.12
2016.05.02 20:47:48.730,1.10081,1.10099,1.00,3.00
2016.05.02 20:47:49.106,1.10079,1.10099,2.25,3.37
2016.05.02 20:47:59.698,1.1008,1.10098,1.00,1.12
2016.05.02 20:48:02.109,1.10081,1.10098,1.00,1.12
2016.05.02 20:48:03.912,1.10083,1.10099,1.00,1.37
2016.05.02 20:48:04.319,1.10083,1.10102,1.50,1.12
2016.05.02 20:48:04.453,1.10085,1.10102,1.00,1.12
2016.05.02 20:48:05.230,1.10085,1.10104,1.00,1.12
2016.05.02 20:48:05.739,1.10084,1.10104,1.50,1.87
2016.05.02 20:48:06.249,1.10085,1.10104,1.00,1.12
2016.05.02 20:48:06.818,1.10085,1.10103,1.00,1.00
2016.05.02 20:48:06.870,1.10083,1.10103,1.50,1.00
2016.05.02 20:48:07.259,1.10085,1.10104,1.00,2.62
2016.05.02 20:48:07.766,1.10084,1.10104,1.00,2.62
2016.05.02 20:48:08.275,1.10085,1.10104,1.50,1.12
2016.05.02 20:48:08.784,1.10084,1.10104,1.50,2.62
2016.05.02 20:48:09.733,1.10086,1.10104,1.00,1.12
2016.05.02 20:48:10.039,1.10088,1.10105,1.00,1.12
2016.05.02 20:48:13.018,1.10088,1.10106,1.00,2.62
2016.05.02 20:48:13.566,1.10089,1.10106,1.00,1.50
2016.05.02 20:48:18.207,1.10089,1.10108,1.50,2.25
2016.05.02 20:48:18.410,1.10089,1.10104,3.00,1.12
2016.05.02 20:48:18.935,1.10089,1.10106,2.25,1.12
2016.05.02 20:48:24.396,1.10088,1.10105,1.00,1.50
2016.05.02 20:48:25.403,1.10088,1.10103,1.00,1.50
2016.05.02 20:48:30.808,1.10088,1.10105,1.00,1.87
2016.05.02 20:48:34.116,1.10089,1.10105,1.00,2.25
2016.05.02 20:48:34.371,1.10093,1.10105,1.00,2.25
2016.05.02 20:48:34.423,1.10089,1.10105,1.00,2.25
2016.05.02 20:48:34.718,1.10089,1.10103,1.00,1.12
2016.05.02 20:48:35.229,1.10088,1.10103,1.00,1.12
2016.05.02 20:48:35.741,1.10087,1.10103,2.25,1.00
2016.05.02 20:48:36.091,1.10084,1.101,1.00,1.00
2016.05.02 20:48:37.776,1.10085,1.101,1.00,1.00
2016.05.02 20:48:41.220,1.10084,1.101,1.00,1.00
2016.05.02 20:48:45.113,1.10085,1.101,1.00,1.00
2016.05.02 20:48:45.419,1.10087,1.101,1.00,1.00
2016.05.02 20:48:45.707,1.10085,1.101,1.50,1.00
2016.05.02 20:48:45.911,1.10084,1.10098,1.00,1.50
2016.05.02 20:48:46.014,1.1008,1.10097,1.00,1.00
2016.05.02 20:48:46.065,1.1008,1.10094,1.00,1.00
2016.05.02 20:48:46.219,1.10076,1.10095,1.00,1.50
2016.05.02 20:48:46.721,1.10076,1.10096,1.00,2.62
2016.05.02 20:48:48.557,1.10078,1.10096,1.00,1.12
2016.05.02 20:48:49.372,1.10078,1.10095,1.00,1.00
2016.05.02 20:48:50.471,1.10079,1.10097,1.00,1.87
2016.05.02 20:48:53.892,1.10081,1.10097,1.00,1.50
2016.05.02 20:48:54.741,1.10081,1.10098,1.00,1.50
2016.05.02 20:48:59.603,1.1008,1.10098,1.00,1.50
2016.05.02 20:49:06.185,1.1008,1.10097,1.00,1.00
2016.05.02 20:49:08.175,1.1008,1.10098,1.00,1.00
2016.05.02 20:49:11.319,1.1008,1.10097,1.00,1.00
2016.05.02 20:49:11.827,1.10081,1.10097,1.00,1.00
2016.05.02 20:49:13.403,1.10081,1.10098,1.00,1.00
2016.05.02 20:49:13.710,1.10084,1.10098,1.00,1.00
2016.05.02 20:49:14.261,1.10083,1.10098,1.50,1.00
2016.05.02 20:49:15.463,1.10083,1.10099,1.50,1.00
2016.05.02 20:49:16.389,1.10083,1.10098,1.50,1.00
2016.05.02 20:49:29.582,1.10083,1.10099,1.50,1.00
2016.05.02 20:49:45.800,1.10083,1.10101,1.50,2.25
2016.05.02 20:49:45.953,1.10085,1.10102,1.50,2.25
2016.05.02 20:49:48.006,1.10085,1.10101,1.00,2.25
2016.05.02 20:50:01.253,1.10085,1.101,1.00,2.25
2016.05.02 20:50:01.558,1.10087,1.10102,1.00,2.25
2016.05.02 20:50:03.102,1.10088,1.10102,1.00,2.25
2016.05.02 20:50:03.154,1.10088,1.10104,1.00,2.62
2016.05.02 20:50:03.273,1.10088,1.10102,1.00,2.25
2016.05.02 20:50:03.782,1.10088,1.10103,1.00,2.62
2016.05.02 20:50:04.291,1.10087,1.10103,1.00,2.62
2016.05.02 20:50:08.253,1.10087,1.10102,1.00,3.00
2016.05.02 20:50:09.696,1.10087,1.10101,1.00,3.00
2016.05.02 20:50:11.923,1.10088,1.10101,1.00,3.00
2016.05.02 20:50:15.856,1.10088,1.101,1.00,1.00
2016.05.02 20:50:17.631,1.10087,1.101,1.00,1.00
2016.05.02 20:50:22.942,1.10085,1.101,1.50,1.00
2016.05.02 20:50:27.440,1.10087,1.101,1.00,1.00
2016.05.02 20:50:42.120,1.10085,1.101,1.50,1.00
2016.05.02 20:50:45.398,1.10086,1.101,1.00,1.00
2016.05.02 20:50:54.877,1.10085,1.101,1.50,1.00
2016.05.02 20:50:59.272,1.10086,1.101,1.00,1.00
2016.05.02 20:51:01.922,1.10086,1.10101,1.00,1.00
2016.05.02 20:51:02.440,1.10085,1.10101,1.50,1.00
2016.05.02 20:51:02.543,1.10087,1.10101,1.00,1.00
2016.05.02 20:51:04.126,1.10087,1.101,1.00,1.00
2016.05.02 20:51:11.314,1.10087,1.10101,1.00,1.00
2016.05.02 20:51:26.932,1.10088,1.10101,1.00,1.00
2016.05.02 20:51:28.029,1.1009,1.10101,1.00,1.00
2016.05.02 20:51:28.132,1.1009,1.10105,1.00,1.00
2016.05.02 20:51:28.184,1.10088,1.10105,1.50,1.00
2016.05.02 20:51:28.236,1.10088,1.10107,1.50,1.00
2016.05.02 20:51:28.389,1.1009,1.10107,1.00,1.00
2016.05.02 20:51:28.897,1.1009,1.10108,1.50,1.12
2016.05.02 20:51:29.438,1.10091,1.10108,1.00,1.12
2016.05.02 20:51:31.535,1.10094,1.10108,1.00,1.12
2016.05.02 20:51:36.606,1.10093,1.10108,1.00,1.12
2016.05.02 20:51:39.606,1.10091,1.10108,1.50,1.12
2016.05.02 20:51:40.609,1.1009,1.10108,1.50,1.12
2016.05.02 20:51:40.660,1.1009,1.10106,1.50,1.00
2016.05.02 20:51:41.964,1.1009,1.10107,1.00,1.00
2016.05.02 20:51:42.819,1.10088,1.10107,1.00,2.25
2016.05.02 20:51:42.871,1.10088,1.10102,1.00,1.00
2016.05.02 20:51:43.176,1.10088,1.101,1.00,1.00
2016.05.02 20:51:44.549,1.10088,1.10101,1.00,1.00
2016.05.02 20:51:48.553,1.10088,1.10102,1.50,1.00
2016.05.02 20:52:02.569,1.10088,1.10104,1.00,2.62
2016.05.02 20:52:06.001,1.10088,1.10104,1.00,3.37
2016.05.02 20:52:06.512,1.10088,1.10104,1.00,3.00
2016.05.02 20:52:07.529,1.10087,1.10104,1.50,3.00
2016.05.02 20:52:08.044,1.10086,1.10103,1.00,3.00
2016.05.02 20:52:08.552,1.10087,1.10103,1.00,2.62
2016.05.02 20:52:12.496,1.10087,1.10102,1.00,3.00
2016.05.02 20:52:14.087,1.10086,1.10102,2.25,3.00
2016.05.02 20:52:14.190,1.10086,1.101,1.00,3.00
2016.05.02 20:52:14.698,1.10087,1.101,1.00,3.00
2016.05.02 20:52:15.658,1.10087,1.10101,1.00,3.00
2016.05.02 20:52:15.983,1.10085,1.10101,1.50,3.00
2016.05.02 20:52:16.187,1.10087,1.10101,1.00,3.00
2016.05.02 20:52:17.839,1.10085,1.10101,2.25,3.00
2016.05.02 20:52:18.046,1.10087,1.10101,1.00,3.00
2016.05.02 20:52:20.344,1.10086,1.10101,1.00,3.00
2016.05.02 20:52:20.854,1.10087,1.10101,1.00,3.00
2016.05.02 20:52:24.595,1.10085,1.10101,2.25,3.00
2016.05.02 20:52:25.120,1.10086,1.10101,1.00,3.00
2016.05.02 20:52:26.779,1.10085,1.10101,1.50,3.00
2016.05.02 20:52:27.288,1.10086,1.10101,1.00,3.00
2016.05.02 20:52:31.066,1.10085,1.10101,1.00,3.00
2016.05.02 20:52:31.588,1.10086,1.10101,1.00,3.00
2016.05.02 20:52:32.691,1.10086,1.101,1.50,1.00
2016.05.02 20:52:34.495,1.10085,1.101,1.50,1.00
2016.05.02 20:52:35.004,1.10084,1.10099,1.50,1.00
2016.05.02 20:52:35.840,1.10086,1.10099,1.00,1.00
2016.05.02 20:52:36.357,1.10086,1.101,1.00,1.00
2016.05.02 20:52:44.169,1.10085,1.101,1.50,1.00
2016.05.02 20:52:45.273,1.10086,1.101,1.00,1.00
2016.05.02 20:53:00.799,1.10087,1.101,1.00,1.00
2016.05.02 20:53:01.003,1.10085,1.101,1.50,1.00
2016.05.02 20:53:01.515,1.10084,1.101,1.00,1.00
2016.05.02 20:53:02.266,1.10084,1.10099,1.00,1.00
2016.05.02 20:53:06.266,1.10084,1.10098,1.00,1.00
2016.05.02 20:53:11.957,1.10085,1.10098,1.00,1.00
2016.05.02 20:53:13.058,1.10084,1.10098,1.50,1.00
2016.05.02 20:53:13.595,1.10084,1.10099,1.00,1.00
2016.05.02 20:53:14.459,1.10086,1.10099,1.00,1.00
2016.05.02 20:53:21.559,1.10084,1.10099,1.50,1.00
2016.05.02 20:53:22.888,1.10084,1.10098,1.00,1.00
2016.05.02 20:53:23.420,1.10083,1.10098,1.00,1.00
2016.05.02 20:53:27.519,1.10082,1.10098,2.25,1.00
2016.05.02 20:53:30.232,1.10084,1.10098,1.00,1.00
2016.05.02 20:53:30.491,1.10085,1.101,1.00,1.00
2016.05.02 20:53:32.297,1.10084,1.10098,1.50,1.00
2016.05.02 20:53:35.936,1.10083,1.10098,1.50,1.00
2016.05.02 20:53:36.807,1.10084,1.10098,1.00,1.00
2016.05.02 20:53:37.659,1.10085,1.10098,1.00,1.00
2016.05.02 20:53:37.965,1.10089,1.10102,1.00,1.00
2016.05.02 20:53:42.283,1.10088,1.10102,1.00,1.00
2016.05.02 20:53:46.734,1.10088,1.10101,1.50,1.00
2016.05.02 20:53:52.532,1.10087,1.10101,1.00,1.00
2016.05.02 20:53:54.648,1.10086,1.10101,1.00,1.00
2016.05.02 20:53:55.157,1.10086,1.101,1.00,1.00
2016.05.02 20:54:02.716,1.10086,1.10101,1.00,1.00
2016.05.02 20:54:04.131,1.10086,1.101,1.50,1.00
2016.05.02 20:54:05.322,1.10086,1.10101,1.50,1.00
2016.05.02 20:54:08.633,1.10086,1.101,1.00,1.00
2016.05.02 20:54:23.332,1.10085,1.101,1.50,1.00
2016.05.02 20:54:26.673,1.10087,1.101,1.00,1.00
2016.05.02 20:54:27.217,1.10088,1.101,1.00,1.00
2016.05.02 20:54:27.726,1.10088,1.10101,1.00,1.00
2016.05.02 20:54:28.285,1.10087,1.10101,1.50,1.00
2016.05.02 20:54:28.489,1.10084,1.10099,1.00,1.00
2016.05.02 20:54:29.668,1.10084,1.10098,1.00,1.00
2016.05.02 20:54:34.640,1.10083,1.10098,1.00,1.00
2016.05.02 20:55:00.118,1.10082,1.10099,1.50,3.37
2016.05.02 20:55:00.558,1.10082,1.101,1.00,1.12
2016.05.02 20:55:00.863,1.10084,1.101,1.00,1.12
2016.05.02 20:55:01.380,1.10082,1.101,1.50,1.12
2016.05.02 20:55:03.963,1.10084,1.101,1.00,1.12
2016.05.02 20:55:04.670,1.10081,1.101,1.00,2.25
2016.05.02 20:55:04.875,1.10079,1.101,1.00,3.75
2016.05.02 20:55:06.473,1.10079,1.101,1.00,5.25
2016.05.02 20:55:07.077,1.10081,1.101,1.00,2.62
2016.05.02 20:55:08.075,1.10082,1.101,1.50,1.50
2016.05.02 20:55:08.674,1.10083,1.101,1.00,1.50
2016.05.02 20:55:13.787,1.10083,1.10101,1.00,2.25
2016.05.02 20:55:14.397,1.10082,1.10101,1.00,1.50
2016.05.02 20:55:15.690,1.10082,1.10102,1.00,1.50
2016.05.02 20:55:28.216,1.10082,1.10103,1.00,2.25
2016.05.02 20:55:30.587,1.10082,1.10101,1.00,1.12
2016.05.02 20:55:49.274,1.10084,1.10102,1.00,2.62
2016.05.02 20:55:49.711,1.10087,1.10104,1.00,1.00
2016.05.02 20:55:50.222,1.10088,1.10104,1.00,1.00
2016.05.02 20:55:52.685,1.10088,1.10102,1.00,1.00
2016.05.02 20:55:52.787,1.10085,1.10102,1.00,1.00
2016.05.02 20:55:52.890,1.10085,1.10099,1.00,1.00
2016.05.02 20:55:53.144,1.10085,1.10103,1.50,1.00
2016.05.02 20:55:53.196,1.10087,1.10103,1.00,1.00
2016.05.02 20:55:53.628,1.10082,1.10101,1.87,3.00
2016.05.02 20:55:53.680,1.1008,1.101,1.87,1.00
2016.05.02 20:55:53.731,1.1008,1.10099,1.00,3.00
2016.05.02 20:55:54.037,1.10078,1.10097,1.00,3.37
2016.05.02 20:55:54.241,1.10076,1.10096,1.00,1.00
2016.05.02 20:55:54.546,1.10076,1.10096,1.00,3.75
2016.05.02 20:55:55.057,1.10077,1.10096,1.00,4.87
2016.05.02 20:55:57.003,1.10078,1.10095,1.00,3.75
2016.05.02 20:55:57.520,1.10078,1.10095,1.00,1.12
2016.05.02 20:55:58.029,1.10077,1.10093,1.00,1.00
2016.05.02 20:55:59.544,1.10077,1.10095,1.00,1.12
2016.05.02 20:56:01.109,1.10078,1.10095,1.00,1.00
2016.05.02 20:56:01.760,1.10078,1.10093,1.00,1.00
2016.05.02 20:56:05.456,1.10078,1.10095,1.00,1.50
2016.05.02 20:56:06.558,1.10078,1.10097,1.50,1.00
2016.05.02 20:56:07.660,1.10078,1.10096,1.50,1.00
2016.05.02 20:56:11.647,1.1008,1.10098,1.00,1.00
2016.05.02 20:56:11.952,1.10083,1.10098,1.00,1.00
2016.05.02 20:56:12.054,1.10078,1.10095,1.50,1.00
2016.05.02 20:56:12.156,1.10078,1.10092,1.50,1.00
2016.05.02 20:56:12.462,1.10078,1.1009,1.00,1.00
2016.05.02 20:56:13.746,1.10078,1.10091,1.00,1.00
2016.05.02 20:56:16.627,1.10078,1.10092,1.00,1.00
2016.05.02 20:56:28.181,1.10078,1.10091,1.00,1.00
2016.05.02 20:56:31.090,1.10077,1.10091,1.50,1.00
2016.05.02 20:57:05.817,1.10077,1.10092,1.50,1.00
2016.05.02 20:57:11.104,1.10079,1.10091,1.00,1.00
2016.05.02 20:57:14.467,1.1008,1.10091,1.00,1.00
2016.05.02 20:57:14.772,1.10083,1.10094,1.50,1.50
2016.05.02 20:57:15.818,1.10083,1.10095,1.50,1.50
2016.05.02 20:57:30.109,1.10083,1.10096,1.50,1.50
2016.05.02 20:57:37.278,1.10082,1.10096,1.00,1.50
2016.05.02 20:57:37.585,1.10079,1.10092,1.00,1.12
2016.05.02 20:57:46.886,1.10078,1.10092,1.00,1.00
2016.05.02 20:57:52.254,1.10077,1.10092,1.00,1.00
2016.05.02 20:58:00.939,1.10076,1.10092,1.00,1.00
2016.05.02 20:58:09.458,1.10076,1.10093,1.00,1.12
2016.05.02 20:58:15.454,1.10076,1.10093,1.00,3.37
2016.05.02 20:58:20.768,1.10076,1.10093,1.00,1.00
2016.05.02 20:58:21.077,1.10079,1.10093,1.00,1.00
2016.05.02 20:58:21.985,1.10079,1.10094,1.00,1.00
2016.05.02 20:58:25.437,1.10078,1.10094,1.00,1.00
2016.05.02 20:58:29.204,1.10076,1.10092,1.00,1.00
2016.05.02 20:58:29.614,1.10075,1.1009,1.00,1.00
2016.05.02 20:58:29.937,1.10073,1.1009,1.00,1.00
2016.05.02 20:58:31.777,1.10073,1.10089,1.00,3.00
2016.05.02 20:58:31.879,1.10073,1.10091,1.00,3.00
2016.05.02 20:58:32.082,1.10073,1.10089,1.00,3.00
2016.05.02 20:58:37.822,1.10072,1.10089,1.00,3.00
2016.05.02 20:58:45.802,1.10072,1.1009,1.00,3.00
2016.05.02 20:58:47.395,1.10073,1.1009,1.00,3.00
2016.05.02 20:58:57.458,1.10074,1.1009,1.00,3.00
2016.05.02 20:58:57.967,1.10073,1.1009,1.00,3.00
2016.05.02 20:58:58.826,1.10075,1.1009,1.00,3.00
2016.05.02 20:58:58.978,1.10073,1.1009,1.00,3.00
2016.05.02 20:59:00.165,1.10074,1.1009,1.00,3.37
2016.05.02 20:59:00.319,1.10074,1.10088,1.00,3.00
2016.05.02 20:59:01.423,1.10072,1.10088,1.00,3.00
2016.05.02 20:59:02.019,1.10072,1.10087,1.50,1.00
2016.05.02 20:59:04.536,1.10072,1.1009,0.75,0.75
2016.05.02 20:59:05.501,1.10072,1.10088,0.75,0.75
2016.05.02 20:59:06.662,1.10074,1.10088,0.75,0.75
2016.05.02 20:59:06.815,1.10074,1.1009,0.75,0.75
2016.05.02 20:59:06.917,1.10072,1.1009,0.75,0.75
2016.05.02 20:59:07.563,1.10071,1.1009,1.50,0.75
2016.05.02 20:59:07.802,1.10071,1.10088,1.50,0.75
2016.05.02 20:59:07.904,1.10072,1.10091,1.50,0.75
2016.05.02 20:59:08.006,1.10077,1.10091,0.75,0.75
2016.05.02 20:59:08.311,1.10077,1.10088,0.75,0.75
2016.05.02 20:59:08.770,1.1008,1.10088,0.75,0.75
2016.05.02 20:59:09.911,1.1008,1.10089,0.75,0.75
2016.05.02 20:59:10.272,1.10077,1.10089,1.50,0.75
2016.05.02 20:59:11.041,1.10077,1.1009,1.50,0.75
2016.05.02 20:59:11.549,1.10078,1.1009,0.75,0.75
2016.05.02 20:59:12.064,1.10077,1.1009,2.25,0.75
2016.05.02 20:59:13.120,1.10078,1.1009,0.75,0.75
2016.05.02 20:59:13.627,1.10078,1.10089,1.50,0.75
2016.05.02 20:59:14.150,1.10079,1.10089,0.75,0.75
2016.05.02 20:59:14.699,1.10078,1.10089,1.50,0.75
2016.05.02 20:59:15.337,1.10078,1.10092,0.75,0.75
2016.05.02 20:59:15.880,1.10079,1.10092,0.75,0.75
2016.05.02 20:59:16.262,1.10078,1.10087,0.75,0.75
2016.05.02 20:59:16.496,1.10067,1.10085,0.75,0.75
2016.05.02 20:59:16.700,1.1007,1.10085,0.75,0.75
2016.05.02 20:59:17.912,1.1007,1.10086,0.75,0.75
2016.05.02 20:59:18.511,1.10069,1.10086,0.75,0.75
2016.05.02 20:59:20.114,1.10069,1.10085,0.75,0.75
2016.05.02 20:59:21.194,1.10068,1.10085,0.75,0.75
2016.05.02 20:59:21.712,1.10069,1.10085,0.75,0.75
2016.05.02 20:59:22.373,1.10068,1.10085,1.50,0.75
2016.05.02 20:59:25.349,1.10068,1.10081,0.75,0.75
2016.05.02 20:59:25.400,1.10066,1.10081,0.75,0.75
2016.05.02 20:59:27.619,1.10068,1.10081,0.75,0.75
2016.05.02 20:59:28.152,1.10069,1.10082,0.75,0.75
2016.05.02 20:59:28.254,1.10069,1.10085,0.75,0.75
2016.05.02 20:59:28.355,1.10073,1.10085,0.75,0.75
2016.05.02 20:59:28.457,1.10076,1.10089,0.75,1.50
2016.05.02 20:59:28.559,1.1007,1.10085,0.75,0.75
2016.05.02 20:59:28.711,1.10067,1.10085,0.75,0.75
2016.05.02 20:59:29.183,1.10069,1.10085,0.75,0.75
2016.05.02 20:59:29.705,1.10067,1.10085,0.75,0.75
2016.05.02 20:59:30.227,1.10066,1.10084,0.75,0.75
2016.05.02 20:59:30.748,1.10067,1.10084,0.75,0.75
2016.05.02 20:59:31.262,1.10068,1.10084,0.75,0.75
2016.05.02 20:59:31.776,1.10067,1.10083,0.75,0.75
2016.05.02 20:59:31.897,1.10065,1.10083,0.75,0.75
2016.05.02 20:59:31.948,1.10065,1.10078,0.75,0.75
2016.05.02 20:59:32.051,1.10065,1.10081,0.75,0.75
2016.05.02 20:59:37.631,1.10065,1.10085,0.75,0.75
2016.05.02 20:59:39.261,1.10065,1.1008,0.75,0.75
2016.05.02 20:59:39.773,1.10065,1.10079,0.75,0.75
2016.05.02 20:59:40.619,1.10063,1.10079,0.75,0.75
2016.05.02 20:59:44.773,1.10063,1.10078,0.75,0.75
2016.05.02 20:59:45.320,1.10064,1.10078,0.75,0.75
2016.05.02 20:59:45.879,1.10064,1.1008,0.75,0.75
2016.05.02 20:59:46.139,1.10064,1.10076,0.75,0.75
2016.05.02 20:59:47.049,1.10065,1.10076,0.75,0.75
2016.05.02 20:59:47.448,1.10062,1.10076,0.75,0.75
2016.05.02 20:59:47.651,1.10065,1.10075,0.75,0.75
2016.05.02 20:59:47.959,1.10069,1.10075,0.75,0.75
2016.05.02 20:59:48.213,1.10066,1.10074,0.75,0.75
2016.05.02 20:59:51.475,1.10066,1.10075,0.75,0.75
2016.05.02 20:59:54.180,1.10055,1.10075,0.75,0.75
2016.05.02 20:59:54.333,1.10051,1.10075,0.75,0.75
2016.05.02 20:59:54.434,1.10053,1.10075,0.75,0.75
2016.05.02 20:59:55.129,1.10052,1.10075,0.75,0.75
2016.05.02 20:59:55.447,1.10057,1.1007,0.75,0.75
2016.05.02 20:59:55.498,1.10057,1.10074,0.75,0.75
2016.05.02 20:59:55.549,1.10057,1.10072,0.75,0.75
2016.05.02 20:59:56.120,1.10056,1.10072,0.75,0.75
2016.05.02 20:59:56.427,1.10055,1.10063,0.75,0.75
2016.05.02 20:59:56.580,1.10042,1.10063,0.75,0.75
2016.05.02 20:59:56.682,1.1004,1.10063,0.75,0.75
2016.05.02 20:59:56.885,1.1004,1.10065,0.75,0.75
2016.05.02 20:59:56.942,1.1004,1.10063,0.75,0.75
2016.05.02 20:59:59.361,1.10039,1.10063,0.75,0.75
2016.05.02 20:59:59.867,1.10034,1.10063,0.75,0.75
