2010.08.26 07:00:00.618,1.30965,1.30985,13.60,1.00
2010.08.26 07:00:00.851,1.30965,1.30985,12.80,3.30
2010.08.26 07:00:01.384,1.30965,1.30985,8.00,10.50
2010.08.26 07:00:01.575,1.30965,1.30985,9.60,1.00
2010.08.26 07:00:01.762,1.30965,1.3098,3.20,8.80
2010.08.26 07:00:02.380,1.3096,1.30975,3.20,1.00
2010.08.26 07:00:02.714,1.3096,1.30975,1.60,1.00
2010.08.26 07:00:04.133,1.30965,1.30975,1.60,8.80
2010.08.26 07:00:04.431,1.3096,1.30975,1.60,12.80
2010.08.26 07:00:05.270,1.3096,1.30975,1.60,13.60
2010.08.26 07:00:08.203,1.3096,1.30975,2.40,12.80
2010.08.26 07:00:08.558,1.30965,1.30975,1.60,10.40
2010.08.26 07:00:09.752,1.3096,1.30975,1.60,13.60
2010.08.26 07:00:10.607,1.3096,1.3097,1.60,8.00
2010.08.26 07:00:11.404,1.3096,1.3097,1.60,10.40
2010.08.26 07:00:12.397,1.3096,1.30965,1.60,4.00
2010.08.26 07:00:12.647,1.3096,1.3097,1.60,6.40
2010.08.26 07:00:12.896,1.3096,1.3097,1.60,8.00
2010.08.26 07:00:13.567,1.3095,1.3096,1.60,1.00
2010.08.26 07:00:13.875,1.30945,1.30955,2.40,1.00
2010.08.26 07:00:14.184,1.30945,1.30955,1.60,8.00
2010.08.26 07:00:14.854,1.3094,1.30955,2.00,1.00
2010.08.26 07:00:15.210,1.3094,1.30955,2.40,4.00
2010.08.26 07:00:15.564,1.30945,1.3096,1.60,8.80
2010.08.26 07:00:16.650,1.30945,1.3096,1.60,4.00
2010.08.26 07:00:17.138,1.30945,1.30955,1.60,4.80
2010.08.26 07:00:17.737,1.30935,1.3095,1.60,4.80
2010.08.26 07:00:22.619,1.30935,1.3095,1.60,6.40
2010.08.26 07:00:23.831,1.30935,1.3095,5.60,2.40
2010.08.26 07:00:24.774,1.3094,1.3095,4.00,1.00
2010.08.26 07:00:25.459,1.30935,1.3095,13.60,1.00
2010.08.26 07:00:26.230,1.30935,1.3095,11.20,1.00
2010.08.26 07:00:26.521,1.30935,1.3095,13.60,1.00
2010.08.26 07:00:26.809,1.3094,1.3095,4.00,1.00
2010.08.26 07:00:27.540,1.30935,1.3095,13.70,1.00
2010.08.26 07:00:27.795,1.30935,1.3095,7.20,1.00
2010.08.26 07:00:28.557,1.30935,1.3095,5.60,2.40
2010.08.26 07:00:28.908,1.30945,1.3096,4.00,13.60
2010.08.26 07:00:29.267,1.30955,1.3097,4.00,3.60
2010.08.26 07:00:29.916,1.3096,1.3097,1.60,1.00
2010.08.26 07:00:30.268,1.30965,1.3098,1.60,1.00
2010.08.26 07:00:31.404,1.30965,1.3098,1.60,4.80
2010.08.26 07:00:31.645,1.30965,1.3098,5.60,1.00
2010.08.26 07:00:32.532,1.30965,1.3098,12.80,1.00
2010.08.26 07:00:32.889,1.30985,1.30995,2.40,2.50
2010.08.26 07:00:33.246,1.3099,1.31005,9.60,1.60
2010.08.26 07:00:33.428,1.30995,1.3101,4.00,6.40
2010.08.26 07:00:34.013,1.30995,1.31005,6.40,1.60
2010.08.26 07:00:34.196,1.3099,1.31005,4.00,1.60
2010.08.26 07:00:34.384,1.30985,1.31,4.00,6.40
2010.08.26 07:00:35.162,1.3098,1.30995,2.40,1.60
2010.08.26 07:00:35.514,1.3098,1.31005,11.20,19.20
2010.08.26 07:00:35.741,1.3098,1.31005,13.60,11.20
2010.08.26 07:00:35.964,1.3098,1.31005,13.60,9.60
2010.08.26 07:00:36.406,1.3098,1.31,13.60,1.00
2010.08.26 07:00:36.641,1.3098,1.30995,12.80,1.00
2010.08.26 07:00:38.614,1.30985,1.30995,6.40,1.00
2010.08.26 07:00:38.785,1.30985,1.30995,9.60,1.00
2010.08.26 07:00:39.569,1.30985,1.31,9.60,1.00
2010.08.26 07:00:41.248,1.3098,1.31,8.00,8.00
2010.08.26 07:00:41.398,1.3098,1.31,8.00,10.40
2010.08.26 07:00:41.550,1.3098,1.31,8.00,9.60
2010.08.26 07:00:42.485,1.3098,1.30995,4.00,1.00
2010.08.26 07:00:42.833,1.3098,1.30995,2.40,2.40
2010.08.26 07:00:43.618,1.3098,1.31,14.40,1.00
2010.08.26 07:00:43.926,1.30985,1.31,9.60,1.00
2010.08.26 07:00:45.498,1.30995,1.31005,2.40,1.60
2010.08.26 07:00:45.796,1.31005,1.3101,4.00,6.40
2010.08.26 07:00:46.562,1.30985,1.3101,10.40,12.80
2010.08.26 07:00:47.249,1.30985,1.31005,9.60,1.00
2010.08.26 07:00:47.921,1.30985,1.31005,5.60,1.00
2010.08.26 07:00:48.262,1.30985,1.31005,4.00,4.80
2010.08.26 07:00:49.051,1.30985,1.31,5.60,1.00
2010.08.26 07:00:49.407,1.3099,1.3101,1.00,11.20
2010.08.26 07:00:50.173,1.30985,1.31005,12.00,1.00
2010.08.26 07:00:50.516,1.3099,1.31005,1.00,4.00
2010.08.26 07:00:50.766,1.3099,1.31005,2.40,1.00
2010.08.26 07:00:51.457,1.30985,1.31005,12.80,1.00
2010.08.26 07:00:52.040,1.30985,1.31005,13.60,1.00
2010.08.26 07:00:52.565,1.3099,1.31005,1.60,1.00
2010.08.26 07:00:52.857,1.30995,1.31005,2.40,1.00
2010.08.26 07:00:53.142,1.30985,1.31005,10.40,2.40
2010.08.26 07:00:53.814,1.30985,1.31005,9.60,1.60
2010.08.26 07:00:54.610,1.30985,1.31005,9.60,1.00
2010.08.26 07:00:55.130,1.30985,1.31005,10.40,1.00
2010.08.26 07:00:55.485,1.3099,1.3101,12.80,2.40
2010.08.26 07:00:56.605,1.30985,1.3099,2.40,1.00
2010.08.26 07:00:56.934,1.30975,1.3099,4.00,1.00
2010.08.26 07:00:57.956,1.30975,1.3099,4.00,2.40
2010.08.26 07:00:58.227,1.3097,1.3099,12.80,2.40
2010.08.26 07:01:00.394,1.3097,1.30995,15.20,7.20
2010.08.26 07:01:00.509,1.30975,1.30995,4.00,6.40
2010.08.26 07:01:00.628,1.30975,1.30995,8.00,1.00
2010.08.26 07:01:00.737,1.30975,1.30995,10.40,1.00
2010.08.26 07:01:01.322,1.3098,1.30995,4.80,1.60
2010.08.26 07:01:01.442,1.3098,1.31,8.80,6.40
2010.08.26 07:01:02.230,1.30985,1.31005,11.20,3.20
2010.08.26 07:01:02.583,1.30985,1.31005,4.80,7.20
2010.08.26 07:01:03.730,1.30985,1.31005,4.80,6.40
2010.08.26 07:01:03.948,1.30995,1.31015,4.00,3.20
2010.08.26 07:01:04.154,1.3099,1.31015,13.60,7.20
2010.08.26 07:01:04.358,1.3099,1.31015,16.00,11.20
2010.08.26 07:01:05.143,1.30995,1.31015,4.80,13.60
2010.08.26 07:01:05.503,1.30995,1.31015,4.80,3.20
2010.08.26 07:01:05.848,1.30995,1.31015,4.00,3.20
2010.08.26 07:01:06.665,1.30995,1.3101,4.00,1.60
2010.08.26 07:01:08.388,1.3099,1.31005,4.00,2.40
2010.08.26 07:01:08.687,1.30985,1.31005,6.40,4.80
2010.08.26 07:01:09.378,1.30985,1.31005,10.40,7.20
2010.08.26 07:01:09.730,1.3098,1.31005,12.80,7.20
2010.08.26 07:01:10.081,1.3098,1.31,12.80,1.00
2010.08.26 07:01:10.429,1.3098,1.31,11.20,1.60
2010.08.26 07:01:11.530,1.3098,1.31,8.80,1.60
2010.08.26 07:01:11.690,1.3098,1.3099,8.80,1.00
2010.08.26 07:01:11.848,1.3098,1.3099,8.00,8.00
2010.08.26 07:01:11.998,1.30975,1.3099,1.00,16.80
2010.08.26 07:01:12.642,1.3098,1.3099,4.00,5.60
2010.08.26 07:01:12.967,1.3098,1.30995,8.00,5.60
2010.08.26 07:01:13.296,1.30975,1.3099,1.00,5.60
2010.08.26 07:01:13.888,1.3097,1.30985,4.00,1.00
2010.08.26 07:01:14.115,1.30965,1.30985,12.80,1.00
2010.08.26 07:01:14.338,1.30965,1.3098,8.00,1.00
2010.08.26 07:01:14.559,1.30965,1.3098,4.00,1.00
2010.08.26 07:01:15.001,1.30965,1.3098,1.60,1.00
2010.08.26 07:01:17.427,1.30965,1.3097,1.60,3.20
2010.08.26 07:01:18.101,1.3096,1.30975,1.00,10.40
2010.08.26 07:01:18.337,1.30955,1.30975,6.40,8.00
2010.08.26 07:01:18.564,1.3096,1.30975,4.00,2.40
2010.08.26 07:01:19.248,1.3096,1.3098,4.00,4.80
2010.08.26 07:01:20.697,1.3096,1.3098,4.00,8.80
2010.08.26 07:01:20.814,1.3096,1.3098,8.80,5.60
2010.08.26 07:01:20.927,1.30965,1.3098,4.00,1.60
2010.08.26 07:01:23.072,1.30965,1.3098,8.00,1.60
2010.08.26 07:01:23.341,1.30965,1.30985,11.20,2.40
2010.08.26 07:01:24.045,1.3099,1.30995,1.60,2.40
2010.08.26 07:01:24.204,1.30985,1.31,6.40,3.20
2010.08.26 07:01:24.362,1.30985,1.31,4.00,4.00
2010.08.26 07:01:24.521,1.30975,1.30995,12.80,1.60
2010.08.26 07:01:24.678,1.30975,1.30995,12.00,1.60
2010.08.26 07:01:24.988,1.30975,1.30995,8.00,1.60
2010.08.26 07:01:25.595,1.30975,1.3099,5.60,1.00
2010.08.26 07:01:26.203,1.30975,1.31,9.60,12.80
2010.08.26 07:01:26.510,1.30975,1.31,12.00,10.40
2010.08.26 07:01:28.843,1.30965,1.3098,1.00,1.60
2010.08.26 07:01:28.974,1.3096,1.3098,13.60,1.00
2010.08.26 07:01:29.099,1.30965,1.30985,1.00,8.00
2010.08.26 07:01:29.228,1.3097,1.3099,6.40,8.00
2010.08.26 07:01:29.662,1.3097,1.30985,6.40,1.00
2010.08.26 07:01:29.792,1.30965,1.30985,10.40,1.60
2010.08.26 07:01:30.138,1.30965,1.30985,10.40,4.00
2010.08.26 07:01:30.491,1.30965,1.30975,2.40,1.00
2010.08.26 07:01:30.840,1.30965,1.30975,10.40,2.40
2010.08.26 07:01:30.967,1.30965,1.30975,10.40,1.60
2010.08.26 07:01:31.087,1.30965,1.3098,10.40,1.00
2010.08.26 07:01:31.670,1.30965,1.30985,10.40,1.60
2010.08.26 07:01:32.211,1.30965,1.30975,3.20,9.60
2010.08.26 07:01:32.509,1.30965,1.30975,7.20,4.00
2010.08.26 07:01:33.016,1.3097,1.30975,1.60,4.00
2010.08.26 07:01:33.288,1.30965,1.30985,12.00,3.20
2010.08.26 07:01:37.496,1.30975,1.30985,4.00,2.00
2010.08.26 07:01:37.588,1.30975,1.30985,4.00,1.60
2010.08.26 07:01:37.781,1.3097,1.30985,10.40,1.60
2010.08.26 07:01:38.300,1.3097,1.30985,4.00,1.60
2010.08.26 07:01:38.403,1.3097,1.30985,4.00,1.00
2010.08.26 07:01:38.496,1.3097,1.30985,5.60,1.00
2010.08.26 07:01:38.838,1.3097,1.30985,12.00,1.00
2010.08.26 07:01:39.519,1.3097,1.30985,9.60,1.00
2010.08.26 07:01:39.775,1.3097,1.30985,1.60,1.00
2010.08.26 07:01:41.046,1.3097,1.30985,5.60,1.00
2010.08.26 07:01:42.795,1.30975,1.3099,5.60,4.00
2010.08.26 07:01:44.250,1.30975,1.3099,1.60,4.00
2010.08.26 07:01:46.002,1.30975,1.3099,1.60,2.40
2010.08.26 07:01:46.363,1.30985,1.3099,1.60,1.00
2010.08.26 07:01:46.565,1.30985,1.30995,1.60,1.00
2010.08.26 07:01:47.190,1.30985,1.30995,5.60,1.00
2010.08.26 07:01:48.488,1.3098,1.30985,2.40,1.00
2010.08.26 07:01:48.714,1.3097,1.30985,1.60,2.40
2010.08.26 07:01:49.823,1.30965,1.30985,12.00,3.20
2010.08.26 07:01:50.177,1.30965,1.3098,5.60,1.60
2010.08.26 07:01:50.958,1.3097,1.30985,1.60,4.80
2010.08.26 07:01:51.297,1.3097,1.30985,1.60,1.00
2010.08.26 07:01:52.258,1.30965,1.30985,12.80,1.00
2010.08.26 07:01:52.458,1.30965,1.30985,9.60,2.40
2010.08.26 07:01:52.655,1.30965,1.30985,5.60,2.40
2010.08.26 07:01:52.962,1.3097,1.30985,1.60,1.00
2010.08.26 07:01:53.709,1.30975,1.30985,1.60,1.00
2010.08.26 07:01:54.057,1.30975,1.3099,1.60,2.40
2010.08.26 07:01:54.829,1.3097,1.30985,4.00,1.60
2010.08.26 07:01:55.189,1.3097,1.30985,1.60,2.40
2010.08.26 07:01:55.544,1.30965,1.30985,6.40,3.20
2010.08.26 07:01:55.888,1.30965,1.30985,5.60,3.20
2010.08.26 07:01:56.982,1.30965,1.3098,5.60,1.60
2010.08.26 07:01:57.089,1.30965,1.3098,1.60,1.60
2010.08.26 07:01:57.994,1.30965,1.3098,5.60,2.40
2010.08.26 07:01:58.346,1.3097,1.30985,1.60,8.80
2010.08.26 07:01:59.122,1.3097,1.30985,1.60,2.40
2010.08.26 07:02:01.109,1.30975,1.3099,1.60,4.00
2010.08.26 07:02:02.495,1.30975,1.3099,1.60,3.20
2010.08.26 07:02:03.972,1.30975,1.3099,1.60,2.40
2010.08.26 07:02:05.132,1.30975,1.3099,1.60,3.20
2010.08.26 07:02:05.459,1.30975,1.3099,1.60,2.40
2010.08.26 07:02:05.791,1.30975,1.3099,1.60,3.20
2010.08.26 07:02:07.000,1.30975,1.3099,1.60,2.40
2010.08.26 07:02:08.115,1.3097,1.30985,1.60,2.40
2010.08.26 07:02:08.314,1.30965,1.30985,8.00,2.40
2010.08.26 07:02:08.511,1.30965,1.30985,6.40,3.20
2010.08.26 07:02:09.258,1.30965,1.30985,5.60,3.20
2010.08.26 07:02:10.852,1.30965,1.3098,5.60,1.60
2010.08.26 07:02:11.054,1.30965,1.3098,1.60,2.40
2010.08.26 07:02:11.252,1.3096,1.3098,8.80,4.80
2010.08.26 07:02:11.453,1.3096,1.3098,8.00,8.00
2010.08.26 07:02:12.097,1.30965,1.3098,5.60,4.00
2010.08.26 07:02:12.346,1.3097,1.30985,1.60,4.80
2010.08.26 07:02:13.912,1.3097,1.30985,1.60,1.00
2010.08.26 07:02:14.733,1.30975,1.3099,1.60,9.60
2010.08.26 07:02:15.058,1.30975,1.3099,1.60,3.20
2010.08.26 07:02:16.837,1.3097,1.3098,8.00,1.00
2010.08.26 07:02:17.075,1.3096,1.3097,1.60,4.00
2010.08.26 07:02:17.391,1.30955,1.3097,1.60,5.60
2010.08.26 07:02:23.186,1.3096,1.3097,1.60,4.00
2010.08.26 07:02:24.748,1.3096,1.30975,1.60,12.00
2010.08.26 07:02:27.560,1.30965,1.30975,1.60,8.00
2010.08.26 07:02:27.938,1.3096,1.30975,2.40,6.40
2010.08.26 07:02:28.293,1.3096,1.30975,1.60,6.40
2010.08.26 07:02:29.055,1.30955,1.30975,1.00,15.20
2010.08.26 07:02:29.340,1.30955,1.3097,1.00,4.00
2010.08.26 07:02:30.087,1.30955,1.30975,1.00,12.80
2010.08.26 07:02:31.743,1.30955,1.3097,1.00,4.00
2010.08.26 07:02:32.154,1.30955,1.30975,1.00,12.80
2010.08.26 07:02:35.892,1.30955,1.3097,1.00,4.00
2010.08.26 07:02:37.226,1.3095,1.3097,14.40,5.60
2010.08.26 07:02:37.569,1.3095,1.3097,10.40,6.40
2010.08.26 07:02:38.307,1.3095,1.3097,12.60,6.40
2010.08.26 07:02:38.625,1.3095,1.3097,10.20,6.40
2010.08.26 07:02:43.557,1.3095,1.3097,10.10,6.40
2010.08.26 07:02:45.790,1.3095,1.3097,10.10,8.00
2010.08.26 07:02:46.608,1.3095,1.3097,10.10,4.00
2010.08.26 07:02:46.742,1.3095,1.3097,12.50,4.00
2010.08.26 07:02:47.257,1.30955,1.3097,4.00,4.00
2010.08.26 07:02:47.397,1.3095,1.30965,8.50,2.40
2010.08.26 07:02:47.526,1.3095,1.30965,8.50,3.20
2010.08.26 07:02:48.309,1.3095,1.30965,16.50,1.60
2010.08.26 07:02:50.310,1.30955,1.30965,4.00,1.60
2010.08.26 07:02:51.936,1.30955,1.30965,9.60,1.60
2010.08.26 07:02:52.201,1.3096,1.30965,4.00,1.60
2010.08.26 07:02:53.848,1.3096,1.30965,6.40,1.60
2010.08.26 07:02:54.649,1.3096,1.30975,4.80,2.40
2010.08.26 07:02:54.905,1.3096,1.30975,1.00,2.40
2010.08.26 07:02:56.267,1.30955,1.30975,12.80,2.40
2010.08.26 07:02:58.337,1.30955,1.30975,10.40,2.40
2010.08.26 07:02:58.407,1.30955,1.30975,10.40,3.20
2010.08.26 07:02:58.479,1.30955,1.30975,8.00,4.00
2010.08.26 07:02:58.935,1.30955,1.30975,8.00,4.80
2010.08.26 07:02:59.287,1.3097,1.30985,4.00,8.80
2010.08.26 07:02:59.632,1.30975,1.30985,1.00,4.00
2010.08.26 07:02:59.979,1.30975,1.30985,1.00,8.00
2010.08.26 07:03:00.762,1.3097,1.30985,2.40,8.00
2010.08.26 07:03:01.605,1.3097,1.30985,2.40,4.00
2010.08.26 07:03:03.391,1.30975,1.30985,1.00,4.00
2010.08.26 07:03:03.484,1.3098,1.3099,3.20,8.00
2010.08.26 07:03:03.958,1.3098,1.3099,4.00,8.00
2010.08.26 07:03:04.062,1.30985,1.31005,8.80,4.80
2010.08.26 07:03:04.153,1.30995,1.31005,1.00,4.00
2010.08.26 07:03:04.987,1.30995,1.31015,6.40,7.20
2010.08.26 07:03:06.221,1.30995,1.31015,2.40,13.60
2010.08.26 07:03:07.251,1.30995,1.31015,6.40,7.20
2010.08.26 07:03:07.600,1.30995,1.31015,7.20,6.40
2010.08.26 07:03:08.429,1.3099,1.31005,8.00,1.00
2010.08.26 07:03:08.784,1.3099,1.31005,3.20,1.00
2010.08.26 07:03:09.513,1.3099,1.31005,2.40,1.00
2010.08.26 07:03:09.815,1.30985,1.31005,14.40,1.00
2010.08.26 07:03:10.143,1.30985,1.31,8.00,1.00
2010.08.26 07:03:10.901,1.3098,1.31,12.90,1.60
2010.08.26 07:03:11.164,1.3098,1.30995,12.80,1.00
2010.08.26 07:03:11.424,1.3098,1.30995,10.40,1.00
2010.08.26 07:03:11.684,1.3098,1.31,7.20,1.00
2010.08.26 07:03:12.113,1.3098,1.31,7.20,1.60
2010.08.26 07:03:12.412,1.3098,1.30995,6.40,1.00
2010.08.26 07:03:13.751,1.30985,1.31,12.00,1.00
2010.08.26 07:03:14.077,1.30985,1.31005,12.80,1.00
2010.08.26 07:03:15.498,1.30985,1.31005,12.00,1.00
2010.08.26 07:03:15.845,1.31,1.31015,1.60,7.20
2010.08.26 07:03:16.511,1.31,1.31015,1.60,8.80
2010.08.26 07:03:16.874,1.30995,1.31015,8.00,10.40
2010.08.26 07:03:18.323,1.30995,1.31015,8.80,8.80
2010.08.26 07:03:19.050,1.31,1.31015,1.60,7.20
2010.08.26 07:03:19.712,1.31,1.31015,1.60,8.80
2010.08.26 07:03:21.050,1.31,1.31015,4.80,4.00
2010.08.26 07:03:21.301,1.31,1.3102,10.40,8.80
2010.08.26 07:03:23.661,1.31,1.3102,8.80,8.80
2010.08.26 07:03:24.725,1.31015,1.3102,2.40,7.20
2010.08.26 07:03:24.968,1.31015,1.31025,2.40,4.00
2010.08.26 07:03:25.138,1.3101,1.3102,11.20,1.00
2010.08.26 07:03:25.750,1.31005,1.3102,1.00,8.00
2010.08.26 07:03:25.926,1.31005,1.3102,1.00,4.80
2010.08.26 07:03:26.163,1.31,1.3102,1.00,16.00
2010.08.26 07:03:26.798,1.31,1.31015,10.40,1.00
2010.08.26 07:03:27.041,1.31,1.31015,12.00,1.00
2010.08.26 07:03:27.941,1.31,1.31015,10.40,2.40
2010.08.26 07:03:28.653,1.30995,1.3101,12.90,1.00
2010.08.26 07:03:29.007,1.31005,1.3102,10.40,4.90
2010.08.26 07:03:29.346,1.31015,1.3102,4.00,1.00
2010.08.26 07:03:29.968,1.3101,1.31025,2.40,2.40
2010.08.26 07:03:30.199,1.3101,1.3102,10.40,1.00
2010.08.26 07:03:30.557,1.31005,1.31025,8.00,4.80
2010.08.26 07:03:31.130,1.31005,1.31025,5.60,4.80
2010.08.26 07:03:31.501,1.3101,1.31025,8.00,1.00
2010.08.26 07:03:31.736,1.3101,1.31025,12.00,1.00
2010.08.26 07:03:32.351,1.31015,1.31025,4.00,1.00
2010.08.26 07:03:32.922,1.3101,1.31025,16.10,1.00
2010.08.26 07:03:33.731,1.31015,1.31025,4.80,1.00
2010.08.26 07:03:34.091,1.31015,1.31025,12.80,1.00
2010.08.26 07:03:34.900,1.31025,1.31035,10.40,1.00
2010.08.26 07:03:35.256,1.31025,1.3104,10.40,2.40
2010.08.26 07:03:35.983,1.3103,1.31045,10.40,1.60
2010.08.26 07:03:36.238,1.3104,1.3105,4.00,4.80
2010.08.26 07:03:36.494,1.3104,1.3105,4.00,1.00
2010.08.26 07:03:37.213,1.31055,1.3107,2.40,13.20
2010.08.26 07:03:37.565,1.31055,1.3107,8.00,1.00
2010.08.26 07:03:38.266,1.31055,1.3107,1.60,1.00
2010.08.26 07:03:38.537,1.31055,1.3107,6.40,2.40
2010.08.26 07:03:38.805,1.31055,1.3107,4.00,2.40
2010.08.26 07:03:39.262,1.3105,1.3107,13.60,2.40
2010.08.26 07:03:40.747,1.3105,1.3107,12.00,2.40
2010.08.26 07:03:41.093,1.3105,1.3107,8.00,2.40
2010.08.26 07:03:41.443,1.3105,1.3107,13.60,1.00
2010.08.26 07:03:42.217,1.31055,1.3108,8.80,14.90
2010.08.26 07:03:42.568,1.3106,1.3108,4.00,8.00
2010.08.26 07:03:43.264,1.3106,1.3108,4.00,6.40
2010.08.26 07:03:43.524,1.3106,1.3108,8.00,2.40
2010.08.26 07:03:44.534,1.3106,1.3108,9.60,1.00
2010.08.26 07:03:44.869,1.31065,1.31085,4.80,7.20
2010.08.26 07:03:46.348,1.31065,1.31085,4.80,6.40
2010.08.26 07:03:46.850,1.31065,1.31085,4.80,4.80
2010.08.26 07:03:47.129,1.31085,1.311,4.80,2.40
2010.08.26 07:03:47.656,1.31085,1.311,5.60,1.60
2010.08.26 07:03:48.006,1.3109,1.31105,1.00,3.20
2010.08.26 07:03:48.580,1.3109,1.31105,1.00,1.60
2010.08.26 07:03:48.936,1.31095,1.31115,12.80,8.00
2010.08.26 07:03:49.814,1.3111,1.3112,4.00,2.40
2010.08.26 07:03:50.433,1.31105,1.3112,4.00,4.00
2010.08.26 07:03:50.786,1.31115,1.3112,8.00,1.00
2010.08.26 07:03:51.470,1.31115,1.3113,10.40,4.10
2010.08.26 07:03:51.738,1.3112,1.31135,12.00,1.60
2010.08.26 07:03:53.025,1.31125,1.31145,9.60,9.60
2010.08.26 07:03:53.226,1.31125,1.31145,9.60,6.40
2010.08.26 07:03:54.070,1.31145,1.3115,10.40,1.00
2010.08.26 07:03:54.642,1.31145,1.3116,12.80,3.60
2010.08.26 07:03:55.048,1.31155,1.3116,4.00,2.40
2010.08.26 07:03:55.544,1.31155,1.31165,2.40,1.00
2010.08.26 07:03:56.577,1.31145,1.3116,12.80,1.60
2010.08.26 07:03:56.746,1.3113,1.3115,5.60,4.80
2010.08.26 07:03:57.180,1.3113,1.3115,5.60,5.60
2010.08.26 07:03:57.343,1.31135,1.31145,4.00,1.00
2010.08.26 07:03:57.490,1.31135,1.31145,4.00,2.40
2010.08.26 07:03:58.087,1.3113,1.3115,4.80,6.40
2010.08.26 07:03:58.900,1.3114,1.3115,4.00,9.60
2010.08.26 07:03:59.257,1.31135,1.3115,4.00,4.00
2010.08.26 07:03:59.936,1.3113,1.3115,4.00,12.80
2010.08.26 07:04:00.238,1.3112,1.3114,8.00,5.60
2010.08.26 07:04:00.933,1.3112,1.3114,4.00,4.80
2010.08.26 07:04:01.286,1.31115,1.3114,8.00,13.60
2010.08.26 07:04:01.987,1.31115,1.31135,7.20,4.00
2010.08.26 07:04:02.259,1.31115,1.31135,4.00,2.40
2010.08.26 07:04:03.056,1.3111,1.31115,2.40,8.00
2010.08.26 07:04:03.412,1.311,1.3112,1.60,6.40
2010.08.26 07:04:04.126,1.311,1.3112,1.60,4.00
2010.08.26 07:04:04.396,1.311,1.3111,1.60,4.00
2010.08.26 07:04:05.073,1.311,1.31115,1.60,8.00
2010.08.26 07:04:05.431,1.31085,1.3109,1.00,4.00
2010.08.26 07:04:06.090,1.31085,1.31095,1.00,1.00
2010.08.26 07:04:06.339,1.31085,1.311,1.00,2.40
2010.08.26 07:04:06.586,1.3109,1.31105,1.00,1.00
2010.08.26 07:04:07.368,1.3109,1.3111,6.40,6.40
2010.08.26 07:04:09.124,1.31095,1.3111,1.00,4.80
2010.08.26 07:04:09.483,1.31095,1.3111,2.40,4.00
2010.08.26 07:04:10.967,1.31095,1.31115,6.40,8.00
2010.08.26 07:04:11.145,1.31095,1.3111,1.60,10.40
2010.08.26 07:04:11.737,1.3109,1.31095,4.80,4.00
2010.08.26 07:04:11.914,1.31085,1.31095,1.60,4.00
2010.08.26 07:04:12.077,1.3108,1.31095,4.00,8.00
2010.08.26 07:04:12.423,1.3108,1.31095,4.00,10.40
2010.08.26 07:04:13.260,1.3108,1.3109,2.40,4.00
2010.08.26 07:04:13.645,1.3108,1.3109,2.40,8.00
2010.08.26 07:04:14.433,1.3108,1.3109,1.60,8.00
2010.08.26 07:04:15.558,1.31075,1.3109,2.40,8.00
2010.08.26 07:04:15.887,1.31075,1.3108,2.40,8.00
2010.08.26 07:04:16.537,1.3107,1.31075,1.00,1.60
2010.08.26 07:04:16.883,1.31055,1.3107,1.60,8.80
2010.08.26 07:04:17.649,1.31125,1.3117,8.00,1.60
2010.08.26 07:04:17.892,1.31155,1.31195,1.60,1.00
2010.08.26 07:04:18.125,1.3116,1.31205,1.00,5.60
2010.08.26 07:04:18.657,1.31185,1.31195,3.20,9.60
2010.08.26 07:04:19.013,1.31205,1.3122,1.60,6.40
2010.08.26 07:04:19.377,1.31215,1.3122,1.00,4.00
2010.08.26 07:04:20.155,1.3124,1.31245,1.00,4.00
2010.08.26 07:04:20.507,1.31255,1.31265,13.60,1.00
2010.08.26 07:04:20.988,1.31255,1.31265,19.60,1.00
2010.08.26 07:04:21.273,1.3128,1.313,4.80,1.00
2010.08.26 07:04:21.567,1.313,1.3131,9.60,2.40
2010.08.26 07:04:22.304,1.31305,1.31325,4.80,4.00
2010.08.26 07:04:23.308,1.31305,1.3133,8.00,10.40
2010.08.26 07:04:24.086,1.31305,1.3133,8.80,10.40
2010.08.26 07:04:24.435,1.31305,1.3133,8.00,10.40
2010.08.26 07:04:24.780,1.31305,1.3131,4.00,4.00
2010.08.26 07:04:25.491,1.31295,1.31315,8.00,3.20
2010.08.26 07:04:25.842,1.3129,1.3131,4.00,8.00
2010.08.26 07:04:26.617,1.3129,1.31315,8.80,13.60
2010.08.26 07:04:26.914,1.3129,1.3131,2.40,4.00
2010.08.26 07:04:27.222,1.31285,1.31305,12.00,4.00
2010.08.26 07:04:27.521,1.31285,1.31305,4.00,5.60
2010.08.26 07:04:28.248,1.31275,1.31295,4.80,8.80
2010.08.26 07:04:28.524,1.3127,1.3129,8.40,12.00
2010.08.26 07:04:28.991,1.3127,1.3129,8.00,11.20
2010.08.26 07:04:29.352,1.31265,1.31275,4.80,2.40
2010.08.26 07:04:30.386,1.31265,1.3128,1.00,8.40
2010.08.26 07:04:30.740,1.31255,1.3127,8.00,4.00
2010.08.26 07:04:31.213,1.31255,1.3127,4.00,4.00
2010.08.26 07:04:31.573,1.31255,1.3127,1.60,4.00
2010.08.26 07:04:31.926,1.31255,1.31275,1.60,8.00
2010.08.26 07:04:32.664,1.31255,1.3127,1.60,4.00
2010.08.26 07:04:33.017,1.31255,1.3127,1.00,5.60
2010.08.26 07:04:33.792,1.3125,1.31255,4.00,1.60
2010.08.26 07:04:34.068,1.31255,1.31265,4.00,4.00
2010.08.26 07:04:34.339,1.31255,1.31265,4.00,1.60
2010.08.26 07:04:35.120,1.3126,1.31275,4.00,2.40
2010.08.26 07:04:35.475,1.3126,1.31275,10.40,1.60
2010.08.26 07:04:35.770,1.3126,1.31265,10.40,1.60
2010.08.26 07:04:36.329,1.31255,1.31265,10.40,1.60
2010.08.26 07:04:36.496,1.3125,1.31265,9.60,1.60
2010.08.26 07:04:36.850,1.3125,1.31255,5.60,1.60
2010.08.26 07:04:37.555,1.3124,1.31245,1.00,1.60
2010.08.26 07:04:37.809,1.31235,1.31245,3.20,1.60
2010.08.26 07:04:38.056,1.31225,1.31235,9.60,1.60
2010.08.26 07:04:39.408,1.31235,1.31245,1.60,5.60
2010.08.26 07:04:40.075,1.31235,1.31245,1.60,2.40
2010.08.26 07:04:40.431,1.31225,1.31235,5.60,1.60
2010.08.26 07:04:41.662,1.31235,1.3124,1.60,4.00
2010.08.26 07:04:42.372,1.31235,1.3125,4.00,1.60
2010.08.26 07:04:42.649,1.31235,1.3125,9.60,1.60
2010.08.26 07:04:43.352,1.31235,1.3125,5.60,1.60
2010.08.26 07:04:45.411,1.31235,1.3125,1.60,5.60
2010.08.26 07:04:45.723,1.3123,1.31245,10.40,1.60
2010.08.26 07:04:46.206,1.3123,1.31245,6.40,1.60
2010.08.26 07:04:46.532,1.3123,1.31245,5.60,1.60
2010.08.26 07:04:47.215,1.31235,1.3125,9.60,1.60
2010.08.26 07:04:47.999,1.3124,1.3125,4.00,1.60
2010.08.26 07:04:48.312,1.31235,1.3125,12.00,1.60
2010.08.26 07:04:49.219,1.31235,1.3125,5.60,1.60
2010.08.26 07:04:54.676,1.31235,1.3125,5.60,2.40
2010.08.26 07:04:54.882,1.3123,1.3124,5.60,2.40
2010.08.26 07:04:55.237,1.3123,1.31235,4.80,1.60
2010.08.26 07:04:56.018,1.3124,1.31245,1.00,4.80
2010.08.26 07:04:56.226,1.3125,1.31255,4.00,1.00
2010.08.26 07:04:56.745,1.31245,1.31255,8.80,1.00
2010.08.26 07:04:56.963,1.31255,1.31265,4.00,1.60
2010.08.26 07:04:57.777,1.3125,1.31265,8.00,1.60
2010.08.26 07:04:58.122,1.3125,1.31265,4.00,1.60
2010.08.26 07:04:59.129,1.31265,1.3128,4.80,1.60
2010.08.26 07:04:59.907,1.31265,1.31285,12.00,1.60
2010.08.26 07:05:00.256,1.31275,1.31285,4.00,1.60
2010.08.26 07:05:01.425,1.3127,1.31285,4.00,1.60
2010.08.26 07:05:02.590,1.3126,1.31265,16.80,1.60
2010.08.26 07:05:02.910,1.3125,1.31265,13.60,1.60
2010.08.26 07:05:03.371,1.3125,1.31265,13.60,3.20
2010.08.26 07:05:03.681,1.3126,1.31275,10.40,8.00
2010.08.26 07:05:04.463,1.3129,1.31295,4.00,6.10
2010.08.26 07:05:04.791,1.3129,1.31305,4.00,4.80
2010.08.26 07:05:05.318,1.3129,1.31305,4.00,1.60
2010.08.26 07:05:06.767,1.31285,1.31305,10.40,1.60
2010.08.26 07:05:07.032,1.31285,1.31305,6.40,5.60
2010.08.26 07:05:07.554,1.31285,1.313,6.40,1.60
2010.08.26 07:05:07.837,1.3128,1.31295,1.60,5.60
2010.08.26 07:05:08.175,1.3128,1.31295,5.60,1.60
2010.08.26 07:05:08.899,1.3129,1.313,1.60,4.00
2010.08.26 07:05:09.175,1.31285,1.31305,1.60,6.40
2010.08.26 07:05:09.449,1.31275,1.31295,9.60,1.60
2010.08.26 07:05:10.107,1.31275,1.31295,4.00,5.60
2010.08.26 07:05:10.459,1.31275,1.31295,4.00,10.40
2010.08.26 07:05:10.815,1.31275,1.31295,4.00,6.40
2010.08.26 07:05:11.432,1.31275,1.31295,4.00,10.40
2010.08.26 07:05:11.674,1.31265,1.3128,2.00,3.20
2010.08.26 07:05:12.315,1.31265,1.3128,2.00,11.20
2010.08.26 07:05:12.555,1.31265,1.3128,1.00,11.20
2010.08.26 07:05:13.981,1.3126,1.3128,15.20,1.60
2010.08.26 07:05:14.315,1.31265,1.3128,1.60,1.60
2010.08.26 07:05:15.134,1.31265,1.3128,5.60,1.60
2010.08.26 07:05:16.285,1.31265,1.31285,10.40,1.60
2010.08.26 07:05:17.279,1.3127,1.3129,3.20,12.80
2010.08.26 07:05:17.548,1.31275,1.3129,1.60,2.40
2010.08.26 07:05:17.804,1.3127,1.3129,16.80,2.40
2010.08.26 07:05:18.429,1.3127,1.31285,5.60,1.60
2010.08.26 07:05:18.703,1.31265,1.3128,4.00,4.00
2010.08.26 07:05:20.318,1.31265,1.3128,3.20,5.60
2010.08.26 07:05:20.667,1.31265,1.31275,1.60,2.00
2010.08.26 07:05:21.447,1.3126,1.3127,5.60,1.60
2010.08.26 07:05:21.625,1.3126,1.31275,1.60,3.60
2010.08.26 07:05:21.800,1.3126,1.31275,5.60,2.00
2010.08.26 07:05:22.571,1.3126,1.31275,5.60,3.60
2010.08.26 07:05:22.925,1.31255,1.3127,10.40,1.60
2010.08.26 07:05:23.138,1.31255,1.3127,4.00,4.00
2010.08.26 07:05:23.589,1.3125,1.31265,26.40,1.00
2010.08.26 07:05:23.797,1.31245,1.31265,1.60,20.00
2010.08.26 07:05:24.145,1.31245,1.31265,15.20,5.60
2010.08.26 07:05:24.938,1.31245,1.3126,5.60,1.60
2010.08.26 07:05:25.277,1.31245,1.3126,1.60,5.60
2010.08.26 07:05:26.051,1.31245,1.31255,1.60,1.00
2010.08.26 07:05:26.396,1.3124,1.3126,13.60,3.20
2010.08.26 07:05:26.732,1.3124,1.3126,12.80,3.20
2010.08.26 07:05:27.527,1.3124,1.31255,14.40,2.20
2010.08.26 07:05:27.871,1.31245,1.31255,1.60,1.00
2010.08.26 07:05:29.075,1.3125,1.3126,2.40,2.40
2010.08.26 07:05:29.346,1.3125,1.31265,11.40,1.00
2010.08.26 07:05:30.056,1.3126,1.31275,1.00,9.20
2010.08.26 07:05:30.345,1.3126,1.31275,5.60,2.00
2010.08.26 07:05:30.991,1.31255,1.31275,12.20,3.60
2010.08.26 07:05:31.345,1.3126,1.31275,4.80,2.00
2010.08.26 07:05:31.694,1.3126,1.3128,10.40,1.60
2010.08.26 07:05:32.442,1.3126,1.3128,6.40,1.60
2010.08.26 07:05:33.030,1.31265,1.3128,1.00,1.60
2010.08.26 07:05:33.330,1.31265,1.3128,4.20,1.60
2010.08.26 07:05:34.113,1.31275,1.31285,1.00,1.60
2010.08.26 07:05:34.472,1.31275,1.31295,1.00,3.20
2010.08.26 07:05:35.465,1.3128,1.31295,1.00,3.20
2010.08.26 07:05:37.290,1.31285,1.31295,4.20,1.60
2010.08.26 07:05:39.969,1.31285,1.3129,1.30,4.80
2010.08.26 07:05:40.210,1.31285,1.3129,1.10,3.20
2010.08.26 07:05:41.105,1.31285,1.31295,1.00,11.20
2010.08.26 07:05:42.225,1.31265,1.3128,1.00,1.60
2010.08.26 07:05:42.558,1.3126,1.31275,3.20,1.60
2010.08.26 07:05:42.878,1.3126,1.3128,6.40,1.60
2010.08.26 07:05:43.580,1.3126,1.3128,16.80,1.60
2010.08.26 07:05:43.855,1.3126,1.3128,7.20,1.60
2010.08.26 07:05:44.136,1.3126,1.3128,10.40,1.60
2010.08.26 07:05:44.828,1.3126,1.31275,3.20,1.60
2010.08.26 07:05:45.102,1.31255,1.3127,2.40,3.20
2010.08.26 07:05:45.792,1.31255,1.3127,1.60,5.60
2010.08.26 07:05:46.407,1.3125,1.31255,1.60,2.40
2010.08.26 07:05:47.190,1.3124,1.31255,1.60,1.00
2010.08.26 07:05:47.389,1.3124,1.3125,5.60,1.00
2010.08.26 07:05:47.583,1.3124,1.3126,6.40,4.10
2010.08.26 07:05:48.168,1.3124,1.3126,8.00,4.10
2010.08.26 07:05:48.356,1.3124,1.3126,5.60,4.10
2010.08.26 07:05:48.701,1.3124,1.3126,6.40,4.10
2010.08.26 07:05:49.472,1.3124,1.31245,2.40,2.80
2010.08.26 07:05:49.693,1.3123,1.31245,1.60,1.60
2010.08.26 07:05:50.761,1.31235,1.3125,12.00,3.10
2010.08.26 07:05:51.110,1.31235,1.3126,17.60,8.00
2010.08.26 07:05:51.726,1.31235,1.3126,9.60,8.00
2010.08.26 07:05:52.035,1.3124,1.3126,3.20,6.40
2010.08.26 07:05:52.337,1.31245,1.3126,1.00,1.00
2010.08.26 07:05:52.846,1.31245,1.3126,2.40,1.00
2010.08.26 07:05:53.196,1.31245,1.3126,1.60,1.00
2010.08.26 07:05:53.540,1.31245,1.31255,1.60,1.70
2010.08.26 07:05:54.273,1.31235,1.3125,1.00,3.20
2010.08.26 07:05:54.516,1.3123,1.31245,8.80,3.20
2010.08.26 07:05:54.756,1.3123,1.3124,3.20,6.40
2010.08.26 07:05:54.990,1.3123,1.31235,10.40,1.60
2010.08.26 07:05:55.618,1.3123,1.3125,11.20,3.20
2010.08.26 07:05:56.295,1.3123,1.3125,9.60,5.60
2010.08.26 07:05:56.958,1.31235,1.3125,1.60,7.20
2010.08.26 07:05:57.237,1.31235,1.3125,7.60,1.00
2010.08.26 07:05:58.213,1.31235,1.31255,8.80,3.20
2010.08.26 07:05:58.487,1.31235,1.31255,6.00,6.50
2010.08.26 07:05:58.741,1.3123,1.3125,12.00,3.20
2010.08.26 07:06:00.447,1.3123,1.3125,10.80,3.20
2010.08.26 07:06:01.310,1.3123,1.31245,4.80,1.60
2010.08.26 07:06:01.586,1.3123,1.3125,13.60,3.20
2010.08.26 07:06:02.212,1.31235,1.3125,1.60,3.20
2010.08.26 07:06:02.814,1.31235,1.3125,1.60,4.00
2010.08.26 07:06:03.599,1.31215,1.31225,3.20,1.60
2010.08.26 07:06:03.881,1.3121,1.31225,8.00,1.60
2010.08.26 07:06:05.024,1.3121,1.31225,4.00,1.60
2010.08.26 07:06:05.209,1.31215,1.31235,1.60,1.00
2010.08.26 07:06:07.168,1.31215,1.31235,1.60,2.40
2010.08.26 07:06:08.156,1.31215,1.3122,1.60,1.00
2010.08.26 07:06:08.507,1.31205,1.3121,1.20,1.60
2010.08.26 07:06:08.989,1.312,1.3121,1.60,1.60
2010.08.26 07:06:09.348,1.3119,1.31205,8.80,1.60
2010.08.26 07:06:09.570,1.3119,1.31205,4.00,1.60
2010.08.26 07:06:10.484,1.3119,1.31205,1.60,1.60
2010.08.26 07:06:12.061,1.31185,1.31205,14.40,1.60
2010.08.26 07:06:12.768,1.31185,1.31205,13.60,1.60
2010.08.26 07:06:13.386,1.31185,1.31195,9.60,1.60
2010.08.26 07:06:13.720,1.31185,1.31195,1.60,1.60
2010.08.26 07:06:14.786,1.31175,1.312,12.00,1.00
2010.08.26 07:06:15.040,1.31195,1.31205,8.00,4.00
2010.08.26 07:06:16.372,1.31215,1.3122,1.00,2.20
2010.08.26 07:06:17.125,1.31215,1.31235,8.00,1.60
2010.08.26 07:06:17.299,1.3122,1.31235,4.00,1.60
2010.08.26 07:06:17.393,1.3122,1.31235,6.40,1.60
2010.08.26 07:06:18.172,1.3122,1.3124,12.00,4.80
2010.08.26 07:06:18.531,1.31225,1.3124,1.60,3.20
2010.08.26 07:06:21.375,1.3122,1.3124,16.90,3.20
2010.08.26 07:06:22.847,1.3122,1.3124,16.10,3.20
2010.08.26 07:06:23.089,1.3122,1.31235,6.40,1.60
2010.08.26 07:06:23.670,1.3122,1.31225,4.00,1.60
2010.08.26 07:06:23.921,1.312,1.31215,1.60,1.60
2010.08.26 07:06:24.878,1.31195,1.31215,2.40,3.20
2010.08.26 07:06:25.221,1.31195,1.31215,11.20,1.60
2010.08.26 07:06:25.908,1.312,1.31215,2.40,1.60
2010.08.26 07:06:26.250,1.31195,1.31215,5.60,1.60
2010.08.26 07:06:26.582,1.31195,1.31215,4.80,3.20
2010.08.26 07:06:26.911,1.31195,1.31215,1.00,3.20
2010.08.26 07:06:27.975,1.3121,1.31215,16.00,1.60
2010.08.26 07:06:28.322,1.31215,1.3123,1.60,3.20
2010.08.26 07:06:28.774,1.31215,1.3123,3.20,3.20
2010.08.26 07:06:29.135,1.31215,1.3123,3.20,4.00
2010.08.26 07:06:29.352,1.31215,1.3123,3.20,3.20
2010.08.26 07:06:29.563,1.31215,1.3123,3.20,1.60
2010.08.26 07:06:30.011,1.31215,1.3122,3.20,4.00
2010.08.26 07:06:30.229,1.31205,1.31215,5.60,1.60
2010.08.26 07:06:30.588,1.312,1.31215,2.40,1.60
2010.08.26 07:06:31.338,1.312,1.31215,3.20,1.60
2010.08.26 07:06:31.567,1.312,1.31215,2.40,1.60
2010.08.26 07:06:31.791,1.312,1.31215,1.00,1.60
2010.08.26 07:06:32.735,1.312,1.31215,1.60,1.60
2010.08.26 07:06:33.994,1.31195,1.31215,8.00,1.60
2010.08.26 07:06:34.230,1.31195,1.31215,4.00,1.60
2010.08.26 07:06:35.110,1.31195,1.31215,3.20,1.60
2010.08.26 07:06:36.585,1.31195,1.31215,7.20,1.60
2010.08.26 07:06:37.564,1.31195,1.31215,13.60,1.60
2010.08.26 07:06:37.779,1.312,1.31215,1.60,1.60
2010.08.26 07:06:38.817,1.312,1.31215,5.60,1.60
2010.08.26 07:06:40.549,1.312,1.31215,1.60,1.60
2010.08.26 07:06:43.497,1.31195,1.31215,15.20,1.60
2010.08.26 07:06:43.734,1.31195,1.31215,13.60,1.60
2010.08.26 07:06:43.969,1.31195,1.31215,3.20,1.60
2010.08.26 07:06:45.814,1.31195,1.31215,2.40,1.60
2010.08.26 07:06:46.179,1.3119,1.31205,2.40,1.60
2010.08.26 07:06:47.977,1.3119,1.31205,1.60,1.60
2010.08.26 07:06:50.110,1.31185,1.31205,2.40,1.60
2010.08.26 07:06:51.427,1.31185,1.31205,2.40,3.20
2010.08.26 07:06:52.584,1.31185,1.31205,2.40,1.60
2010.08.26 07:06:53.848,1.3119,1.31205,1.60,1.60
2010.08.26 07:06:54.663,1.31175,1.31185,33.60,4.80
2010.08.26 07:06:54.888,1.3119,1.312,10.40,2.90
2010.08.26 07:06:55.538,1.3118,1.3119,16.80,1.60
2010.08.26 07:06:55.888,1.312,1.31205,1.60,1.60
2010.08.26 07:06:56.720,1.312,1.31215,1.60,4.00
2010.08.26 07:06:59.611,1.312,1.3121,1.60,1.60
2010.08.26 07:07:00.053,1.31195,1.3121,5.60,1.60
2010.08.26 07:07:00.184,1.31195,1.3121,3.20,1.60
2010.08.26 07:07:01.404,1.31195,1.3121,3.20,3.20
2010.08.26 07:07:02.454,1.312,1.3121,4.00,3.20
2010.08.26 07:07:02.741,1.31195,1.3121,10.40,1.60
2010.08.26 07:07:03.677,1.31195,1.312,10.40,2.40
2010.08.26 07:07:04.372,1.31185,1.31195,1.00,1.60
2010.08.26 07:07:04.717,1.3118,1.31195,1.60,1.60
2010.08.26 07:07:07.497,1.31175,1.31195,4.00,1.60
2010.08.26 07:07:07.708,1.31175,1.31195,3.20,1.60
2010.08.26 07:07:07.918,1.31175,1.31185,1.60,1.60
2010.08.26 07:07:08.380,1.3117,1.31185,4.80,1.60
2010.08.26 07:07:09.319,1.31185,1.312,1.60,9.60
2010.08.26 07:07:09.565,1.3119,1.31205,11.20,1.00
2010.08.26 07:07:10.061,1.3119,1.3121,12.80,3.60
2010.08.26 07:07:10.313,1.3119,1.31205,13.60,1.00
2010.08.26 07:07:10.565,1.3119,1.31195,8.00,1.60
2010.08.26 07:07:11.672,1.3118,1.31195,1.60,1.60
2010.08.26 07:07:12.791,1.3118,1.31195,1.60,4.00
2010.08.26 07:07:13.149,1.3117,1.31185,3.20,1.60
2010.08.26 07:07:17.741,1.31165,1.31185,1.60,3.20
2010.08.26 07:07:19.058,1.3116,1.3118,1.60,1.00
2010.08.26 07:07:21.009,1.3116,1.3118,3.20,1.60
2010.08.26 07:07:21.367,1.3116,1.3118,3.20,1.00
2010.08.26 07:07:21.830,1.3116,1.31185,3.20,10.40
2010.08.26 07:07:21.964,1.3116,1.31185,3.20,8.00
2010.08.26 07:07:22.430,1.3116,1.31185,3.20,14.40
2010.08.26 07:07:23.559,1.31165,1.31185,1.60,2.40
2010.08.26 07:07:24.775,1.3116,1.3117,6.40,2.40
2010.08.26 07:07:25.122,1.3116,1.31175,1.00,1.60
2010.08.26 07:07:25.756,1.3116,1.31185,1.00,12.00
2010.08.26 07:07:26.110,1.31175,1.31185,1.00,1.00
2010.08.26 07:07:26.464,1.31175,1.3119,1.00,4.00
2010.08.26 07:07:27.926,1.3118,1.3119,1.00,2.40
2010.08.26 07:07:28.100,1.3118,1.31195,1.00,3.20
2010.08.26 07:07:29.901,1.3118,1.3119,1.00,1.00
2010.08.26 07:07:31.628,1.31175,1.31195,7.20,3.20
2010.08.26 07:07:31.974,1.3118,1.31195,3.20,3.20
2010.08.26 07:07:32.326,1.3119,1.312,8.00,2.40
2010.08.26 07:07:32.999,1.3119,1.312,8.00,1.60
2010.08.26 07:07:33.214,1.3119,1.312,8.00,4.00
2010.08.26 07:07:34.192,1.3119,1.312,8.00,2.40
2010.08.26 07:07:34.545,1.31185,1.312,4.80,2.40
2010.08.26 07:07:35.723,1.31185,1.312,3.20,2.40
2010.08.26 07:07:36.067,1.31185,1.312,1.00,2.40
2010.08.26 07:07:36.409,1.3118,1.31195,2.40,1.60
2010.08.26 07:07:37.043,1.31185,1.31195,1.00,1.60
2010.08.26 07:07:37.282,1.31185,1.31205,4.00,5.60
2010.08.26 07:07:37.959,1.31185,1.31205,5.60,1.60
2010.08.26 07:07:38.310,1.31185,1.312,3.20,4.00
2010.08.26 07:07:38.948,1.31185,1.312,1.60,2.40
2010.08.26 07:07:39.298,1.31185,1.31205,2.40,2.40
2010.08.26 07:07:42.145,1.31185,1.312,2.40,1.60
2010.08.26 07:07:42.268,1.31185,1.312,1.00,4.80
2010.08.26 07:07:42.599,1.31185,1.312,1.00,4.00
2010.08.26 07:07:42.711,1.31185,1.31195,1.00,2.40
2010.08.26 07:07:43.253,1.3119,1.31205,5.60,2.40
2010.08.26 07:07:43.577,1.3119,1.3121,6.40,2.40
2010.08.26 07:07:43.891,1.3119,1.3121,13.60,1.00
2010.08.26 07:07:44.333,1.3119,1.31215,15.20,2.40
2010.08.26 07:07:44.690,1.3119,1.31215,11.20,2.40
2010.08.26 07:07:46.168,1.3119,1.31215,12.00,2.40
2010.08.26 07:07:46.521,1.31195,1.31215,2.40,2.40
2010.08.26 07:07:46.684,1.31195,1.31215,6.40,2.40
2010.08.26 07:07:47.275,1.31195,1.31215,2.40,2.40
2010.08.26 07:07:48.269,1.31195,1.31215,1.60,2.40
2010.08.26 07:07:50.776,1.31195,1.31215,12.80,2.40
2010.08.26 07:07:52.057,1.31195,1.31215,16.50,2.40
2010.08.26 07:07:52.336,1.312,1.31215,3.20,1.00
2010.08.26 07:07:53.014,1.312,1.3122,13.60,2.40
2010.08.26 07:07:53.530,1.312,1.3122,16.10,2.40
2010.08.26 07:07:54.468,1.312,1.3122,16.00,2.40
2010.08.26 07:07:54.829,1.312,1.3122,13.60,1.00
2010.08.26 07:07:55.184,1.312,1.3122,15.20,1.00
2010.08.26 07:07:55.499,1.312,1.3122,16.00,1.00
2010.08.26 07:07:57.053,1.312,1.3122,16.00,1.00
2010.08.26 07:07:57.191,1.312,1.3122,16.10,1.00
2010.08.26 07:08:00.443,1.31205,1.3122,1.00,1.00
2010.08.26 07:08:01.126,1.3121,1.3122,1.00,1.00
2010.08.26 07:08:01.475,1.312,1.31215,4.00,2.40
2010.08.26 07:08:01.823,1.312,1.31215,2.40,2.40
2010.08.26 07:08:04.359,1.312,1.31215,4.00,2.40
2010.08.26 07:08:04.603,1.3121,1.31225,3.20,1.00
2010.08.26 07:08:05.308,1.3121,1.3123,2.40,14.40
2010.08.26 07:08:05.952,1.31215,1.3123,1.00,1.60
2010.08.26 07:08:06.507,1.31215,1.3123,12.00,1.00
2010.08.26 07:08:07.260,1.31225,1.3123,1.60,1.00
2010.08.26 07:08:07.618,1.3123,1.31245,1.60,3.20
2010.08.26 07:08:08.444,1.3123,1.3125,3.20,4.80
2010.08.26 07:08:08.739,1.31225,1.3123,1.60,1.00
2010.08.26 07:08:09.035,1.3123,1.3125,1.00,7.20
2010.08.26 07:08:09.826,1.31235,1.3125,1.00,3.20
2010.08.26 07:08:10.145,1.3124,1.31255,1.00,1.60
2010.08.26 07:08:10.928,1.31235,1.31255,1.00,1.60
2010.08.26 07:08:12.059,1.3123,1.3124,7.20,2.40
2010.08.26 07:08:12.691,1.3122,1.31235,9.50,1.60
2010.08.26 07:08:12.963,1.3122,1.31245,2.40,1.60
2010.08.26 07:08:13.734,1.3124,1.31255,3.20,3.20
2010.08.26 07:08:14.083,1.31225,1.31245,4.00,1.60
2010.08.26 07:08:14.430,1.31225,1.31235,3.20,1.00
2010.08.26 07:08:15.217,1.31215,1.31235,4.00,2.40
2010.08.26 07:08:15.528,1.31215,1.31225,1.60,4.80
2010.08.26 07:08:15.832,1.3121,1.31215,2.50,1.60
2010.08.26 07:08:16.970,1.3121,1.3122,10.40,1.60
2010.08.26 07:08:17.901,1.3121,1.31215,4.80,1.60
2010.08.26 07:08:18.077,1.3121,1.31215,4.00,1.60
2010.08.26 07:08:18.385,1.31205,1.31215,9.60,1.60
2010.08.26 07:08:19.218,1.31205,1.31215,5.60,1.60
2010.08.26 07:08:19.563,1.31205,1.31215,9.60,1.60
2010.08.26 07:08:20.393,1.31225,1.3124,8.40,1.00
2010.08.26 07:08:20.751,1.31215,1.31235,8.00,1.60
2010.08.26 07:08:21.503,1.3122,1.31235,1.00,1.60
2010.08.26 07:08:21.751,1.3122,1.31235,5.60,1.60
2010.08.26 07:08:21.991,1.3122,1.31235,1.60,1.60
2010.08.26 07:08:22.231,1.3123,1.31235,1.00,1.60
2010.08.26 07:08:22.866,1.3123,1.31245,1.60,1.60
2010.08.26 07:08:23.133,1.3123,1.31245,3.20,1.60
2010.08.26 07:08:24.620,1.3123,1.31245,2.40,1.60
2010.08.26 07:08:26.343,1.31225,1.3124,10.40,2.40
2010.08.26 07:08:26.826,1.3123,1.31245,1.00,3.20
2010.08.26 07:08:27.162,1.31245,1.31255,6.40,2.40
2010.08.26 07:08:27.956,1.3125,1.31265,1.00,1.60
2010.08.26 07:08:28.304,1.3125,1.31265,3.20,1.60
2010.08.26 07:08:28.842,1.3125,1.31265,4.00,1.60
2010.08.26 07:08:29.608,1.3126,1.31285,1.00,15.20
2010.08.26 07:08:29.851,1.3126,1.31285,1.00,13.60
2010.08.26 07:08:30.092,1.3126,1.31285,2.40,13.60
2010.08.26 07:08:31.356,1.3126,1.31285,12.80,1.60
2010.08.26 07:08:31.618,1.3126,1.31285,8.80,1.60
2010.08.26 07:08:32.402,1.3126,1.31285,6.40,1.60
2010.08.26 07:08:33.800,1.3126,1.31285,3.20,3.20
2010.08.26 07:08:34.155,1.31265,1.31285,1.00,1.60
2010.08.26 07:08:34.619,1.31265,1.31285,4.80,1.60
2010.08.26 07:08:34.979,1.31275,1.31295,1.00,3.20
2010.08.26 07:08:36.108,1.3128,1.31295,1.60,3.20
2010.08.26 07:08:36.459,1.3127,1.31285,8.00,1.60
2010.08.26 07:08:37.243,1.3127,1.31285,10.40,1.60
2010.08.26 07:08:37.501,1.3127,1.31285,14.40,1.60
2010.08.26 07:08:37.755,1.3127,1.31285,8.00,1.60
2010.08.26 07:08:38.441,1.3127,1.31285,4.00,1.60
2010.08.26 07:08:38.779,1.3127,1.31285,1.60,1.60
2010.08.26 07:08:38.993,1.3127,1.31285,2.40,1.60
2010.08.26 07:08:40.008,1.3127,1.31285,3.20,1.60
2010.08.26 07:08:40.354,1.3127,1.31285,7.20,1.60
2010.08.26 07:08:40.845,1.3127,1.31285,3.20,1.60
2010.08.26 07:08:41.205,1.3127,1.31285,1.60,5.60
2010.08.26 07:08:41.556,1.31265,1.31285,1.60,5.60
2010.08.26 07:08:42.214,1.31265,1.31285,1.60,1.60
2010.08.26 07:08:42.469,1.31265,1.31285,5.60,1.60
2010.08.26 07:08:43.221,1.31265,1.31285,4.00,1.60
2010.08.26 07:08:43.850,1.3126,1.31275,8.00,1.00
2010.08.26 07:08:44.153,1.31255,1.3127,4.80,1.60
2010.08.26 07:08:45.729,1.31255,1.31275,4.80,1.00
2010.08.26 07:08:46.253,1.31265,1.31285,2.40,12.00
2010.08.26 07:08:46.520,1.31265,1.31285,4.00,4.00
2010.08.26 07:08:49.159,1.31265,1.3127,2.40,2.40
2010.08.26 07:08:49.627,1.31265,1.3127,1.00,2.40
2010.08.26 07:08:49.821,1.3125,1.3127,2.80,4.80
2010.08.26 07:08:50.601,1.3125,1.3127,3.20,4.80
2010.08.26 07:08:50.950,1.3125,1.3127,2.40,4.80
2010.08.26 07:08:51.639,1.3125,1.3127,4.00,4.80
2010.08.26 07:08:52.447,1.31255,1.3127,1.00,1.60
2010.08.26 07:08:53.197,1.31255,1.3127,2.40,1.60
2010.08.26 07:08:53.514,1.31255,1.3127,4.00,1.60
2010.08.26 07:08:57.667,1.31255,1.3127,4.00,4.00
2010.08.26 07:08:57.873,1.31255,1.3127,1.00,4.00
2010.08.26 07:08:58.081,1.31245,1.3125,11.20,2.40
2010.08.26 07:08:58.899,1.31225,1.3124,1.60,1.00
2010.08.26 07:09:00.389,1.31225,1.3124,1.60,2.40
2010.08.26 07:09:01.184,1.3122,1.31235,8.00,2.40
2010.08.26 07:09:01.506,1.3122,1.3123,1.00,8.00
2010.08.26 07:09:01.823,1.31225,1.31235,2.40,6.40
2010.08.26 07:09:02.548,1.3122,1.3124,9.60,2.40
2010.08.26 07:09:02.890,1.3122,1.31235,1.60,1.00
2010.08.26 07:09:03.065,1.3122,1.31235,1.60,1.60
2010.08.26 07:09:03.648,1.3123,1.31235,1.00,1.00
2010.08.26 07:09:03.869,1.3123,1.3125,3.20,2.40
2010.08.26 07:09:04.230,1.31235,1.3125,1.00,1.60
2010.08.26 07:09:05.098,1.3124,1.3126,1.00,3.20
2010.08.26 07:09:05.371,1.31245,1.3126,1.00,1.60
2010.08.26 07:09:06.975,1.3125,1.31265,1.00,1.60
2010.08.26 07:09:07.282,1.3125,1.31265,2.40,1.60
2010.08.26 07:09:08.267,1.3125,1.31265,3.20,1.60
2010.08.26 07:09:09.488,1.3125,1.31265,2.40,1.60
2010.08.26 07:09:10.990,1.3125,1.31265,3.20,1.60
2010.08.26 07:09:13.053,1.3125,1.3127,3.20,2.40
2010.08.26 07:09:15.977,1.3125,1.31265,2.40,1.00
2010.08.26 07:09:16.170,1.3125,1.31265,1.60,2.40
2010.08.26 07:09:16.788,1.31245,1.31265,1.60,2.40
2010.08.26 07:09:16.988,1.31245,1.31265,2.40,2.40
2010.08.26 07:09:19.783,1.31245,1.3127,5.20,3.20
2010.08.26 07:09:20.474,1.31255,1.31275,4.80,15.70
2010.08.26 07:09:20.826,1.3126,1.3128,4.00,2.40
2010.08.26 07:09:21.629,1.31265,1.3128,1.60,1.60
2010.08.26 07:09:23.775,1.31265,1.3128,1.60,1.00
2010.08.26 07:09:24.835,1.3126,1.3128,7.30,2.40
2010.08.26 07:09:25.180,1.3126,1.3128,9.70,1.00
2010.08.26 07:09:25.668,1.31265,1.3128,1.00,1.00
2010.08.26 07:09:26.360,1.31265,1.3128,4.00,1.00
2010.08.26 07:09:26.711,1.31265,1.31285,5.60,5.60
2010.08.26 07:09:27.213,1.3127,1.31285,4.00,3.20
2010.08.26 07:09:27.562,1.31275,1.31295,5.60,1.60
2010.08.26 07:09:27.902,1.31275,1.31295,4.80,1.60
2010.08.26 07:09:28.683,1.31275,1.31295,2.40,1.60
2010.08.26 07:09:29.924,1.31275,1.31295,3.20,1.60
2010.08.26 07:09:30.276,1.3128,1.313,1.60,1.00
2010.08.26 07:09:30.628,1.31285,1.31295,1.60,1.00
2010.08.26 07:09:31.632,1.31275,1.313,4.00,8.80
2010.08.26 07:09:31.865,1.31275,1.313,4.00,6.40
2010.08.26 07:09:32.528,1.3128,1.313,1.00,5.60
2010.08.26 07:09:33.405,1.3128,1.31305,2.40,8.80
2010.08.26 07:09:33.757,1.3128,1.31305,4.00,10.40
2010.08.26 07:09:33.851,1.31285,1.313,1.60,6.00
2010.08.26 07:09:34.376,1.31285,1.3129,4.00,1.00
2010.08.26 07:09:34.478,1.3128,1.3129,1.00,8.80
2010.08.26 07:09:34.570,1.3127,1.3128,1.60,1.60
2010.08.26 07:09:34.658,1.31265,1.3128,3.60,3.20
2010.08.26 07:09:34.749,1.31265,1.3128,1.60,5.60
2010.08.26 07:09:35.525,1.3126,1.3129,4.80,1.00
2010.08.26 07:09:37.674,1.31265,1.3129,1.60,1.00
2010.08.26 07:09:39.410,1.31265,1.3129,2.40,1.00
2010.08.26 07:09:39.564,1.31265,1.31295,6.40,1.60
2010.08.26 07:09:41.133,1.31265,1.31295,5.60,1.60
2010.08.26 07:09:41.286,1.3127,1.313,6.40,2.40
2010.08.26 07:09:41.737,1.3127,1.313,7.20,2.40
2010.08.26 07:09:45.362,1.31275,1.313,1.00,3.20
2010.08.26 07:09:45.645,1.31275,1.313,1.00,2.40
2010.08.26 07:09:45.932,1.31275,1.313,4.80,1.60
2010.08.26 07:09:46.593,1.3128,1.313,1.00,1.60
2010.08.26 07:09:47.625,1.3128,1.313,1.00,3.20
2010.08.26 07:09:47.851,1.31275,1.31295,4.00,1.60
2010.08.26 07:09:48.472,1.31275,1.31295,2.40,1.60
2010.08.26 07:09:48.711,1.3127,1.3129,4.80,1.00
2010.08.26 07:09:48.976,1.31275,1.31295,2.40,1.60
2010.08.26 07:09:49.632,1.31275,1.31295,2.40,1.00
2010.08.26 07:09:49.894,1.3127,1.3129,6.40,1.00
2010.08.26 07:09:50.246,1.31275,1.31295,2.40,1.00
2010.08.26 07:09:50.911,1.31275,1.31295,1.00,1.00
2010.08.26 07:09:51.270,1.3127,1.3129,4.00,1.00
2010.08.26 07:09:51.620,1.3127,1.3129,4.80,1.00
2010.08.26 07:09:52.394,1.3127,1.3129,1.60,1.60
2010.08.26 07:09:52.750,1.3127,1.3129,1.60,1.00
2010.08.26 07:09:53.103,1.3127,1.3129,4.80,1.00
2010.08.26 07:09:58.094,1.3127,1.31295,4.80,1.00
2010.08.26 07:09:58.639,1.3127,1.31295,4.80,1.60
2010.08.26 07:10:00.593,1.3127,1.31295,3.20,1.60
2010.08.26 07:10:01.317,1.3127,1.31295,3.20,2.40
2010.08.26 07:10:01.577,1.3127,1.31295,3.20,3.20
2010.08.26 07:10:04.269,1.31275,1.31295,3.20,2.40
2010.08.26 07:10:04.599,1.3128,1.31295,1.60,2.40
2010.08.26 07:10:06.308,1.3128,1.31295,1.60,1.60
2010.08.26 07:10:06.649,1.3128,1.31295,1.60,1.00
2010.08.26 07:10:07.360,1.31275,1.31295,4.80,5.60
2010.08.26 07:10:07.464,1.31275,1.31295,1.00,1.60
2010.08.26 07:10:07.935,1.31275,1.31295,3.20,1.60
2010.08.26 07:10:08.045,1.31275,1.31295,4.00,1.00
2010.08.26 07:10:11.805,1.31275,1.313,4.00,6.40
2010.08.26 07:10:12.337,1.3128,1.313,1.60,4.80
2010.08.26 07:10:13.258,1.3128,1.31295,1.60,1.00
2010.08.26 07:10:13.582,1.31275,1.31295,2.40,1.60
2010.08.26 07:10:20.354,1.31275,1.31295,4.00,1.60
2010.08.26 07:10:20.700,1.31275,1.31295,2.40,1.60
2010.08.26 07:10:29.969,1.31275,1.31295,1.00,1.60
2010.08.26 07:10:30.650,1.3127,1.31295,8.00,1.60
2010.08.26 07:10:31.433,1.31265,1.31285,4.00,1.00
2010.08.26 07:10:31.772,1.31265,1.3128,2.40,1.00
2010.08.26 07:10:32.523,1.31265,1.3128,1.60,2.40
2010.08.26 07:10:32.778,1.31255,1.31275,3.20,1.00
2010.08.26 07:10:33.033,1.31255,1.3127,1.60,1.00
2010.08.26 07:10:34.185,1.3125,1.3127,1.60,1.00
2010.08.26 07:10:34.481,1.3126,1.3128,1.60,1.00
2010.08.26 07:10:35.560,1.3126,1.31285,8.00,2.40
2010.08.26 07:10:35.802,1.31265,1.31285,4.00,2.40
2010.08.26 07:10:36.579,1.31265,1.31285,4.00,3.20
2010.08.26 07:10:36.935,1.31265,1.31285,4.00,1.00
2010.08.26 07:10:38.160,1.31255,1.31275,12.00,1.00
2010.08.26 07:10:38.374,1.3126,1.31275,1.60,1.00
2010.08.26 07:10:38.584,1.3126,1.3128,2.40,6.40
2010.08.26 07:10:39.235,1.3126,1.3128,2.40,1.60
2010.08.26 07:10:40.774,1.3126,1.31275,2.40,1.00
2010.08.26 07:10:41.070,1.3126,1.31275,1.00,1.00
2010.08.26 07:10:41.355,1.3126,1.31275,2.40,1.00
2010.08.26 07:10:42.108,1.3126,1.31275,1.00,1.00
2010.08.26 07:10:42.296,1.3126,1.3128,2.40,1.60
2010.08.26 07:10:43.005,1.3126,1.3128,1.00,1.60
2010.08.26 07:10:43.581,1.3126,1.3128,1.00,12.80
2010.08.26 07:10:43.813,1.3126,1.31275,1.00,1.60
2010.08.26 07:10:45.589,1.3126,1.3127,1.00,1.00
2010.08.26 07:10:45.704,1.31255,1.3127,3.20,1.00
2010.08.26 07:10:45.823,1.31255,1.3127,2.40,3.20
2010.08.26 07:10:46.703,1.31245,1.31265,6.40,1.00
2010.08.26 07:10:47.058,1.31245,1.3126,1.60,3.20
2010.08.26 07:10:47.848,1.3124,1.31255,1.00,1.00
2010.08.26 07:10:48.131,1.31235,1.31255,3.20,1.00
2010.08.26 07:10:49.370,1.31235,1.31255,1.00,4.00
2010.08.26 07:10:50.056,1.3123,1.3125,14.40,1.00
2010.08.26 07:10:50.297,1.3123,1.3125,3.20,1.60
2010.08.26 07:10:50.535,1.3123,1.31245,3.20,1.00
2010.08.26 07:10:51.016,1.3123,1.31245,2.40,1.60
2010.08.26 07:10:51.266,1.31215,1.3124,5.60,6.40
2010.08.26 07:10:52.059,1.31215,1.3124,2.40,5.60
2010.08.26 07:10:52.425,1.3122,1.3124,1.60,1.60
2010.08.26 07:10:53.427,1.3122,1.3124,1.60,1.00
2010.08.26 07:10:53.977,1.31215,1.31235,14.40,2.40
2010.08.26 07:10:54.256,1.3122,1.3124,2.40,3.20
2010.08.26 07:10:54.930,1.3122,1.3124,1.00,1.60
2010.08.26 07:10:55.257,1.31215,1.3124,17.60,1.60
2010.08.26 07:10:56.668,1.31215,1.3124,16.80,3.20
2010.08.26 07:10:56.817,1.31215,1.31235,14.40,1.00
2010.08.26 07:10:57.392,1.31215,1.3123,1.60,1.00
2010.08.26 07:10:57.542,1.3121,1.3123,4.00,1.60
2010.08.26 07:10:57.678,1.31205,1.3123,10.20,1.60
2010.08.26 07:10:58.439,1.31205,1.31225,2.40,2.40
2010.08.26 07:10:58.792,1.312,1.3122,3.20,1.00
2010.08.26 07:10:59.628,1.312,1.31225,3.20,1.60
2010.08.26 07:10:59.637,1.31205,1.31225,1.60,1.60
2010.08.26 07:10:59.856,1.312,1.31225,3.20,6.40
2010.08.26 07:11:00.447,1.312,1.31225,11.20,4.00
2010.08.26 07:11:00.746,1.31205,1.31225,1.60,4.00
2010.08.26 07:11:01.495,1.3121,1.3123,15.20,1.00
2010.08.26 07:11:02.119,1.3121,1.3123,16.00,1.00
2010.08.26 07:11:02.840,1.31215,1.3123,1.60,1.00
2010.08.26 07:11:03.069,1.3122,1.3124,1.60,4.10
2010.08.26 07:11:03.282,1.3122,1.3124,3.20,3.20
2010.08.26 07:11:03.501,1.3122,1.3124,4.80,3.20
2010.08.26 07:11:05.537,1.31225,1.3124,1.00,2.40
2010.08.26 07:11:05.749,1.31225,1.31245,3.20,12.00
2010.08.26 07:11:05.957,1.3123,1.31245,1.00,8.00
2010.08.26 07:11:06.487,1.3123,1.31245,1.00,4.00
2010.08.26 07:11:06.794,1.31225,1.3125,3.20,7.30
2010.08.26 07:11:07.009,1.31225,1.3125,2.40,5.60
2010.08.26 07:11:07.232,1.31225,1.3125,4.80,4.00
2010.08.26 07:11:07.930,1.31225,1.31245,4.80,1.00
2010.08.26 07:11:09.118,1.31225,1.3125,4.80,7.20
2010.08.26 07:11:09.366,1.31225,1.3125,5.60,4.80
2010.08.26 07:11:09.623,1.31225,1.31235,8.00,1.60
2010.08.26 07:11:10.298,1.31225,1.31245,5.60,1.60
2010.08.26 07:11:10.642,1.31225,1.3125,3.20,5.60
2010.08.26 07:11:10.993,1.3123,1.3125,4.00,2.40
2010.08.26 07:11:11.803,1.3123,1.3125,1.00,2.40
2010.08.26 07:11:12.154,1.3123,1.31245,2.40,1.00
2010.08.26 07:11:12.935,1.3122,1.3124,13.70,2.40
2010.08.26 07:11:13.286,1.3122,1.3124,16.10,2.40
2010.08.26 07:11:14.063,1.3122,1.3124,16.10,1.00
2010.08.26 07:11:14.434,1.3122,1.3124,16.10,1.00
2010.08.26 07:11:14.782,1.31225,1.31235,1.60,1.00
2010.08.26 07:11:15.437,1.3122,1.31235,15.20,1.00
2010.08.26 07:11:15.666,1.3122,1.31235,16.10,1.00
2010.08.26 07:11:16.571,1.3122,1.31235,16.00,1.00
2010.08.26 07:11:17.585,1.31235,1.31245,4.80,4.20
2010.08.26 07:11:18.214,1.31235,1.3125,15.20,3.20
2010.08.26 07:11:18.544,1.31235,1.31255,9.60,3.20
2010.08.26 07:11:19.140,1.31235,1.31255,8.00,3.20
2010.08.26 07:11:19.476,1.31235,1.3126,8.80,3.20
2010.08.26 07:11:21.846,1.31235,1.3126,8.00,3.20
2010.08.26 07:11:21.879,1.31235,1.31255,8.00,1.00
2010.08.26 07:11:22.426,1.31245,1.31265,1.00,8.60
2010.08.26 07:11:22.468,1.3125,1.3126,2.40,1.00
2010.08.26 07:11:22.508,1.3125,1.31265,2.40,3.00
2010.08.26 07:11:22.582,1.31245,1.31265,13.60,2.40
2010.08.26 07:11:23.034,1.3125,1.31265,4.00,2.40
2010.08.26 07:11:23.409,1.31245,1.31265,3.20,2.40
2010.08.26 07:11:24.577,1.3124,1.3126,2.40,2.40
2010.08.26 07:11:25.120,1.3124,1.3126,2.40,3.20
2010.08.26 07:11:26.763,1.3124,1.3125,2.40,1.00
2010.08.26 07:11:27.204,1.3124,1.3125,1.60,1.60
2010.08.26 07:11:27.358,1.3123,1.3125,3.20,1.60
2010.08.26 07:11:29.073,1.3123,1.3125,2.40,1.60
2010.08.26 07:11:29.744,1.3123,1.3125,3.20,3.20
2010.08.26 07:11:31.622,1.3123,1.3125,2.40,3.20
2010.08.26 07:11:32.317,1.3123,1.3125,1.00,3.20
2010.08.26 07:11:32.901,1.3123,1.3125,1.00,5.60
2010.08.26 07:11:33.113,1.3123,1.3125,1.00,4.00
2010.08.26 07:11:33.403,1.3123,1.3125,1.00,6.40
2010.08.26 07:11:34.395,1.31225,1.31235,8.80,1.00
2010.08.26 07:11:34.629,1.31225,1.31245,1.00,4.80
2010.08.26 07:11:34.863,1.31225,1.31245,1.00,5.60
2010.08.26 07:11:35.532,1.3122,1.3124,11.20,3.20
2010.08.26 07:11:35.859,1.3122,1.3124,4.00,4.80
2010.08.26 07:11:36.181,1.31225,1.3124,1.00,1.60
2010.08.26 07:11:36.504,1.31225,1.31245,1.00,5.60
2010.08.26 07:11:37.134,1.31225,1.31245,1.00,3.20
2010.08.26 07:11:37.486,1.31225,1.3124,1.00,1.60
2010.08.26 07:11:38.898,1.31215,1.31235,6.40,4.80
2010.08.26 07:11:39.058,1.31215,1.31235,4.80,4.80
2010.08.26 07:11:39.650,1.31215,1.31235,4.00,5.60
2010.08.26 07:11:41.417,1.31215,1.31225,3.20,2.40
2010.08.26 07:11:41.767,1.31205,1.31225,13.60,2.40
2010.08.26 07:11:42.030,1.31205,1.31225,13.60,1.00
2010.08.26 07:11:42.157,1.31205,1.31225,15.20,1.00
2010.08.26 07:11:43.274,1.3121,1.3123,5.60,4.00
2010.08.26 07:11:43.457,1.3122,1.31235,1.00,2.40
2010.08.26 07:11:45.116,1.3122,1.31235,4.80,2.40
2010.08.26 07:11:45.232,1.3122,1.3124,9.60,3.20
2010.08.26 07:11:45.354,1.3122,1.3124,7.20,2.40
2010.08.26 07:11:45.955,1.31225,1.31235,4.00,3.20
2010.08.26 07:11:46.072,1.31225,1.3124,8.80,4.00
2010.08.26 07:11:46.887,1.31225,1.31245,8.80,2.80
2010.08.26 07:11:47.237,1.31225,1.31245,5.60,2.40
2010.08.26 07:11:47.584,1.31225,1.3124,4.00,1.00
2010.08.26 07:11:48.305,1.3122,1.3124,13.60,2.40
2010.08.26 07:11:48.527,1.3122,1.3124,4.00,2.40
2010.08.26 07:11:48.740,1.3122,1.3124,12.00,2.40
2010.08.26 07:11:48.951,1.3122,1.3124,1.60,2.40
2010.08.26 07:11:49.703,1.3121,1.3123,16.10,1.00
2010.08.26 07:11:50.282,1.3121,1.3123,16.00,1.00
2010.08.26 07:11:50.571,1.3121,1.3123,13.60,1.00
2010.08.26 07:11:51.011,1.3121,1.3123,9.60,1.00
2010.08.26 07:11:53.675,1.3121,1.3123,5.60,1.00
2010.08.26 07:11:55.817,1.3121,1.3123,3.20,1.00
2010.08.26 07:11:55.881,1.3121,1.3123,3.20,2.40
2010.08.26 07:11:57.338,1.31215,1.31235,1.60,2.40
2010.08.26 07:11:58.054,1.3122,1.31235,1.00,2.40
2010.08.26 07:11:58.749,1.3121,1.31225,4.00,1.00
2010.08.26 07:11:59.093,1.31205,1.31225,4.00,2.40
2010.08.26 07:11:59.983,1.3121,1.31225,1.60,2.40
2010.08.26 07:12:01.241,1.3121,1.31225,1.60,4.80
2010.08.26 07:12:04.477,1.31205,1.31225,4.00,4.80
2010.08.26 07:12:05.629,1.3121,1.31225,1.60,4.80
2010.08.26 07:12:09.528,1.31205,1.31225,3.20,2.40
2010.08.26 07:12:09.675,1.31225,1.3123,1.60,8.90
2010.08.26 07:12:10.215,1.31225,1.3123,4.00,4.80
2010.08.26 07:12:10.453,1.3121,1.31225,1.00,1.00
2010.08.26 07:12:10.683,1.3121,1.3123,1.20,3.20
2010.08.26 07:12:10.909,1.3121,1.3123,1.00,1.00
2010.08.26 07:12:11.129,1.3121,1.3124,2.40,13.60
2010.08.26 07:12:12.250,1.3121,1.31235,4.00,10.40
2010.08.26 07:12:16.197,1.31215,1.31235,1.60,10.40
2010.08.26 07:12:17.166,1.31215,1.3123,1.60,1.00
2010.08.26 07:12:17.207,1.31215,1.3123,1.60,1.60
2010.08.26 07:12:17.818,1.3122,1.3123,10.00,1.00
2010.08.26 07:12:18.021,1.31235,1.31245,11.20,1.60
2010.08.26 07:12:18.213,1.31235,1.31255,15.20,6.20
2010.08.26 07:12:18.400,1.3124,1.31255,1.60,6.20
2010.08.26 07:12:19.727,1.3123,1.3124,1.60,2.40
2010.08.26 07:12:20.508,1.31235,1.31245,1.60,5.30
2010.08.26 07:12:20.739,1.31235,1.31245,1.60,2.40
2010.08.26 07:12:22.525,1.3124,1.31255,1.60,6.20
2010.08.26 07:12:22.646,1.3124,1.31255,1.60,4.80
2010.08.26 07:12:23.688,1.3124,1.31245,1.60,2.40
2010.08.26 07:12:24.339,1.3123,1.3125,7.20,4.00
2010.08.26 07:12:24.710,1.3123,1.3125,3.20,4.00
2010.08.26 07:12:25.680,1.31235,1.3125,1.60,1.00
2010.08.26 07:12:25.954,1.3123,1.31245,3.20,1.00
2010.08.26 07:12:26.986,1.3123,1.31245,7.20,1.00
2010.08.26 07:12:27.316,1.31225,1.31245,4.80,6.40
2010.08.26 07:12:28.044,1.31225,1.3124,1.60,1.00
2010.08.26 07:12:28.378,1.3123,1.31245,1.60,3.20
2010.08.26 07:12:29.041,1.3123,1.31245,1.60,1.00
2010.08.26 07:12:30.056,1.3123,1.3125,4.00,4.80
2010.08.26 07:12:30.225,1.3123,1.3125,1.60,7.20
2010.08.26 07:12:30.824,1.3123,1.3125,5.60,7.20
2010.08.26 07:12:30.995,1.3123,1.3125,8.00,4.80
2010.08.26 07:12:31.164,1.3124,1.3125,1.60,1.60
2010.08.26 07:12:31.926,1.3124,1.31255,1.60,2.40
2010.08.26 07:12:32.277,1.3124,1.31255,1.60,5.60
2010.08.26 07:12:34.915,1.31235,1.3125,1.60,7.80
2010.08.26 07:12:35.218,1.3123,1.3125,1.60,8.80
2010.08.26 07:12:35.576,1.3123,1.3125,1.60,10.40
2010.08.26 07:12:35.757,1.3123,1.31245,1.60,1.00
2010.08.26 07:12:37.873,1.3123,1.31245,1.60,2.40
2010.08.26 07:12:38.170,1.3123,1.3125,1.60,10.40
2010.08.26 07:12:38.458,1.3123,1.3125,1.60,8.00
2010.08.26 07:12:41.160,1.3123,1.31245,1.60,1.00
2010.08.26 07:12:43.692,1.31225,1.31245,1.60,3.40
2010.08.26 07:12:43.859,1.31225,1.31245,1.60,3.60
2010.08.26 07:12:44.588,1.31225,1.31245,1.60,2.80
2010.08.26 07:12:44.761,1.31225,1.3124,1.60,1.00
2010.08.26 07:12:46.000,1.31225,1.31245,2.40,1.20
2010.08.26 07:12:46.269,1.3124,1.31245,1.60,2.00
2010.08.26 07:12:46.968,1.3124,1.31245,1.60,1.00
2010.08.26 07:12:47.309,1.3124,1.31255,1.60,4.80
2010.08.26 07:12:47.991,1.31235,1.31245,4.00,4.00
2010.08.26 07:12:48.341,1.3123,1.31245,3.20,4.80
2010.08.26 07:12:49.004,1.3123,1.31245,1.60,4.80
2010.08.26 07:12:49.080,1.3123,1.31245,1.60,3.20
2010.08.26 07:12:49.157,1.3123,1.31245,1.60,1.00
2010.08.26 07:12:51.569,1.31225,1.3124,7.20,1.60
2010.08.26 07:12:51.803,1.31225,1.3124,6.40,1.00
2010.08.26 07:12:52.035,1.31225,1.3124,8.80,1.00
2010.08.26 07:12:52.272,1.31225,1.3124,6.40,1.00
2010.08.26 07:12:52.785,1.31225,1.3124,9.60,1.00
2010.08.26 07:12:53.059,1.31225,1.3124,16.80,1.00
2010.08.26 07:12:53.321,1.31225,1.31245,16.80,1.00
2010.08.26 07:12:54.313,1.31225,1.31235,8.80,1.00
2010.08.26 07:12:54.484,1.3122,1.31235,1.60,1.00
2010.08.26 07:12:54.660,1.31215,1.31235,2.40,2.40
2010.08.26 07:12:54.997,1.31215,1.31235,1.60,2.40
2010.08.26 07:12:55.167,1.31215,1.31235,1.60,1.00
2010.08.26 07:12:58.519,1.31215,1.31235,1.60,3.20
2010.08.26 07:12:58.758,1.31215,1.3123,1.60,1.00
2010.08.26 07:12:59.878,1.31215,1.31235,1.60,3.20
2010.08.26 07:13:00.222,1.31215,1.31235,1.60,2.40
2010.08.26 07:13:00.566,1.31215,1.3123,8.00,6.80
2010.08.26 07:13:00.908,1.3121,1.31225,1.00,1.60
2010.08.26 07:13:01.841,1.3122,1.3124,1.00,7.20
2010.08.26 07:13:02.184,1.3122,1.3124,1.00,4.00
2010.08.26 07:13:02.430,1.3122,1.31235,1.00,1.60
2010.08.26 07:13:03.084,1.31215,1.31235,1.00,1.60
2010.08.26 07:13:03.340,1.3121,1.3123,1.60,1.60
2010.08.26 07:13:04.824,1.3121,1.3123,1.60,2.40
2010.08.26 07:13:05.058,1.31205,1.31225,5.60,1.60
2010.08.26 07:13:06.205,1.31205,1.31225,1.00,2.40
2010.08.26 07:13:07.584,1.3121,1.31225,2.40,1.00
2010.08.26 07:13:07.787,1.3121,1.31225,10.40,1.00
2010.08.26 07:13:07.992,1.3121,1.31225,8.00,1.00
2010.08.26 07:13:08.190,1.3121,1.31225,4.00,1.00
2010.08.26 07:13:08.389,1.31205,1.31225,16.00,1.00
2010.08.26 07:13:10.105,1.31205,1.31225,12.00,1.00
2010.08.26 07:13:10.193,1.3121,1.31225,4.80,1.00
2010.08.26 07:13:10.279,1.3121,1.31225,8.80,1.00
2010.08.26 07:13:10.720,1.3121,1.3123,8.80,4.80
2010.08.26 07:13:10.814,1.3121,1.3123,12.80,4.80
2010.08.26 07:13:12.440,1.3121,1.31225,4.00,1.00
2010.08.26 07:13:12.992,1.31205,1.31225,16.00,1.00
2010.08.26 07:13:13.837,1.31205,1.31225,6.40,1.00
2010.08.26 07:13:15.503,1.31205,1.31225,4.80,2.40
2010.08.26 07:13:16.105,1.31205,1.31225,1.00,2.40
2010.08.26 07:13:23.554,1.312,1.31205,5.60,3.20
2010.08.26 07:13:23.722,1.31195,1.31205,5.60,8.00
2010.08.26 07:13:23.894,1.3119,1.312,1.00,1.00
2010.08.26 07:13:24.343,1.3119,1.312,1.00,1.60
2010.08.26 07:13:24.704,1.31185,1.312,8.00,1.60
2010.08.26 07:13:25.055,1.31185,1.31205,15.20,8.80
2010.08.26 07:13:25.655,1.31185,1.31205,8.80,12.80
2010.08.26 07:13:25.910,1.31185,1.312,1.60,1.00
2010.08.26 07:13:29.732,1.31185,1.312,9.60,1.00
2010.08.26 07:13:30.460,1.31185,1.312,15.20,1.00
2010.08.26 07:13:32.969,1.3118,1.31195,8.00,3.20
2010.08.26 07:13:33.217,1.3118,1.31195,6.40,3.20
2010.08.26 07:13:34.611,1.3118,1.31195,6.40,1.00
2010.08.26 07:13:35.386,1.3118,1.312,6.40,4.40
2010.08.26 07:13:35.497,1.3118,1.312,6.40,4.00
2010.08.26 07:13:36.280,1.3118,1.31195,6.40,1.00
2010.08.26 07:13:36.638,1.31175,1.31195,9.60,1.00
2010.08.26 07:13:36.983,1.31175,1.31195,12.00,1.00
2010.08.26 07:13:37.806,1.31175,1.31195,16.00,1.00
2010.08.26 07:13:39.880,1.31175,1.3119,12.80,1.00
2010.08.26 07:13:40.560,1.3117,1.3119,18.40,1.00
2010.08.26 07:13:40.913,1.3117,1.3119,14.40,1.00
2010.08.26 07:13:41.695,1.31175,1.3119,4.00,1.00
2010.08.26 07:13:42.158,1.31175,1.31185,4.00,1.00
2010.08.26 07:13:42.391,1.3117,1.31185,12.00,1.00
2010.08.26 07:13:42.621,1.3117,1.31185,8.00,1.00
2010.08.26 07:13:43.680,1.3117,1.31185,4.00,1.00
2010.08.26 07:13:44.577,1.31175,1.3119,1.60,1.00
2010.08.26 07:13:45.258,1.31175,1.3119,1.60,3.20
2010.08.26 07:13:47.397,1.31175,1.3119,1.60,3.60
2010.08.26 07:13:47.577,1.31175,1.3119,1.60,4.00
2010.08.26 07:13:48.636,1.3117,1.31185,15.20,2.40
2010.08.26 07:13:48.875,1.3117,1.31185,14.40,1.00
2010.08.26 07:13:49.308,1.3117,1.31185,12.00,1.00
2010.08.26 07:13:49.560,1.31165,1.3118,6.40,1.00
2010.08.26 07:13:49.803,1.31165,1.3118,4.00,1.00
2010.08.26 07:13:50.581,1.31165,1.3118,12.00,1.00
2010.08.26 07:13:50.937,1.31165,1.3118,10.40,3.20
2010.08.26 07:13:51.282,1.31165,1.3118,4.00,3.20
2010.08.26 07:13:51.632,1.31165,1.3118,8.00,3.20
2010.08.26 07:13:52.657,1.31165,1.3118,8.80,2.40
2010.08.26 07:13:52.928,1.31165,1.3118,8.80,3.20
2010.08.26 07:13:53.085,1.31165,1.31175,5.60,2.40
2010.08.26 07:13:53.241,1.3116,1.31175,5.60,3.20
2010.08.26 07:13:53.856,1.31155,1.3117,1.60,1.00
2010.08.26 07:13:54.697,1.31155,1.31175,8.00,1.00
2010.08.26 07:13:55.272,1.31155,1.31175,8.80,1.00
2010.08.26 07:13:55.406,1.31155,1.31175,11.20,1.00
2010.08.26 07:13:55.772,1.31155,1.31175,8.80,1.00
2010.08.26 07:13:55.898,1.31155,1.31175,4.80,1.00
2010.08.26 07:13:56.686,1.3116,1.31175,4.00,11.20
2010.08.26 07:13:57.035,1.3116,1.31175,14.40,1.60
2010.08.26 07:13:57.579,1.3116,1.31175,9.60,1.60
2010.08.26 07:13:57.930,1.31155,1.31175,16.80,1.00
2010.08.26 07:13:58.281,1.3116,1.3118,2.40,2.40
2010.08.26 07:13:58.630,1.3116,1.3118,3.20,2.70
2010.08.26 07:13:58.857,1.3116,1.3118,3.20,3.00
2010.08.26 07:14:00.085,1.3116,1.3118,3.20,5.40
2010.08.26 07:14:05.091,1.3116,1.3118,2.40,5.40
2010.08.26 07:14:07.080,1.3116,1.3118,3.20,5.40
2010.08.26 07:14:07.717,1.31165,1.3118,1.60,3.00
2010.08.26 07:14:07.997,1.31165,1.3118,1.60,3.60
2010.08.26 07:14:09.408,1.31165,1.3118,1.60,4.20
2010.08.26 07:14:09.927,1.31165,1.3118,1.60,5.00
2010.08.26 07:14:10.547,1.3116,1.3118,3.20,6.60
2010.08.26 07:14:11.497,1.31165,1.3118,1.60,1.80
2010.08.26 07:14:11.840,1.31165,1.3118,3.20,1.00
2010.08.26 07:14:12.316,1.3117,1.3118,1.00,1.00
2010.08.26 07:14:12.679,1.31165,1.31185,3.20,1.00
2010.08.26 07:14:12.962,1.31165,1.3119,3.20,8.00
2010.08.26 07:14:13.661,1.31165,1.31185,3.20,1.00
2010.08.26 07:14:15.372,1.31165,1.31185,7.20,1.00
2010.08.26 07:14:16.779,1.31165,1.31185,3.20,1.00
2010.08.26 07:14:20.606,1.3117,1.3119,5.60,2.40
2010.08.26 07:14:20.901,1.3117,1.3119,7.20,2.40
2010.08.26 07:14:22.307,1.31175,1.31185,3.20,1.00
2010.08.26 07:14:22.606,1.31175,1.31195,6.40,4.80
2010.08.26 07:14:23.058,1.31175,1.3119,6.40,2.40
2010.08.26 07:14:23.362,1.3117,1.3119,7.20,4.80
2010.08.26 07:14:27.673,1.3117,1.3119,8.00,4.80
2010.08.26 07:14:27.812,1.3117,1.3119,12.00,4.80
2010.08.26 07:14:29.505,1.3117,1.3119,7.20,4.80
2010.08.26 07:14:29.848,1.31175,1.3119,3.20,4.00
2010.08.26 07:14:30.192,1.31175,1.31195,7.20,3.20
2010.08.26 07:14:30.759,1.3118,1.31195,6.40,1.60
2010.08.26 07:14:32.315,1.3118,1.3119,1.60,1.00
2010.08.26 07:14:32.562,1.31185,1.31195,5.60,1.00
2010.08.26 07:14:32.796,1.31185,1.31205,5.60,3.20
2010.08.26 07:14:33.030,1.31185,1.31205,7.20,1.60
2010.08.26 07:14:33.947,1.312,1.31205,1.00,1.60
2010.08.26 07:14:34.227,1.312,1.3121,1.00,1.60
2010.08.26 07:14:34.406,1.31205,1.3122,1.00,2.00
2010.08.26 07:14:35.011,1.31205,1.3123,1.00,13.60
2010.08.26 07:14:37.401,1.31205,1.3123,1.00,6.40
2010.08.26 07:14:37.560,1.31205,1.31235,1.00,13.60
2010.08.26 07:14:38.173,1.31205,1.3123,2.40,1.60
2010.08.26 07:14:38.330,1.31205,1.3123,2.40,5.60
2010.08.26 07:14:39.434,1.31215,1.31235,1.00,5.60
2010.08.26 07:14:39.613,1.31215,1.3124,1.00,8.00
2010.08.26 07:14:39.954,1.3122,1.3124,1.00,3.20
2010.08.26 07:14:40.583,1.3122,1.31245,1.00,5.60
2010.08.26 07:14:40.941,1.3122,1.31245,1.60,4.00
2010.08.26 07:14:41.989,1.31225,1.31245,1.00,4.60
2010.08.26 07:14:42.739,1.31225,1.3124,4.00,2.20
2010.08.26 07:14:43.086,1.3122,1.3124,7.20,2.20
2010.08.26 07:14:43.801,1.3122,1.3124,8.00,2.20
2010.08.26 07:14:44.094,1.3122,1.3124,5.60,2.20
2010.08.26 07:14:44.383,1.31225,1.3124,1.00,2.20
2010.08.26 07:14:45.230,1.3122,1.31245,3.20,3.80
2010.08.26 07:14:46.364,1.3122,1.31245,7.20,3.80
2010.08.26 07:14:47.071,1.31225,1.3124,1.00,1.40
2010.08.26 07:14:47.821,1.3123,1.3124,1.60,2.40
2010.08.26 07:14:49.204,1.3122,1.3124,1.60,1.60
2010.08.26 07:14:49.985,1.3123,1.31245,3.60,1.00
2010.08.26 07:14:50.636,1.31225,1.3125,1.60,5.60
2010.08.26 07:14:50.842,1.31225,1.3125,1.60,4.00
2010.08.26 07:14:53.927,1.3122,1.31245,4.80,1.00
2010.08.26 07:14:55.716,1.31225,1.31245,8.80,1.00
2010.08.26 07:14:55.978,1.31225,1.3125,11.20,5.60
2010.08.26 07:14:57.225,1.31225,1.31245,12.80,1.00
2010.08.26 07:14:58.585,1.31225,1.3125,13.60,5.60
2010.08.26 07:14:58.936,1.31225,1.3125,3.20,5.60
2010.08.26 07:14:59.289,1.3122,1.31245,8.80,1.00
2010.08.26 07:14:59.986,1.31225,1.31245,1.00,1.00
2010.08.26 07:15:00.241,1.3122,1.3125,8.80,5.60
2010.08.26 07:15:01.549,1.3122,1.3124,8.80,1.00
2010.08.26 07:15:02.151,1.31225,1.31245,1.00,1.00
2010.08.26 07:15:02.363,1.31225,1.3125,2.40,4.00
2010.08.26 07:15:03.195,1.31225,1.31245,1.00,2.40
2010.08.26 07:15:03.351,1.3122,1.31245,4.00,2.40
2010.08.26 07:15:03.509,1.3122,1.3125,3.20,16.00
2010.08.26 07:15:03.850,1.3122,1.3125,3.20,16.00
2010.08.26 07:15:04.496,1.3122,1.31245,3.20,2.40
2010.08.26 07:15:05.936,1.3122,1.31245,1.00,4.80
2010.08.26 07:15:07.229,1.31225,1.31245,1.00,2.40
2010.08.26 07:15:07.795,1.31225,1.3125,1.00,3.20
2010.08.26 07:15:08.742,1.3122,1.3125,14.40,3.20
2010.08.26 07:15:09.035,1.3122,1.3125,13.60,3.20
2010.08.26 07:15:12.160,1.31225,1.31245,1.00,3.20
2010.08.26 07:15:12.421,1.3122,1.31245,9.60,1.00
2010.08.26 07:15:12.667,1.3122,1.31245,12.80,1.00
2010.08.26 07:15:13.570,1.31225,1.3124,1.00,1.00
2010.08.26 07:15:13.906,1.3122,1.3125,9.60,5.60
2010.08.26 07:15:14.473,1.3122,1.3125,13.60,5.60
2010.08.26 07:15:14.768,1.3122,1.3125,15.20,5.60
2010.08.26 07:15:15.045,1.3122,1.31245,11.20,1.00
2010.08.26 07:15:15.710,1.3122,1.31245,8.80,1.00
2010.08.26 07:15:16.735,1.3122,1.3124,7.20,1.00
2010.08.26 07:15:17.095,1.3122,1.3124,1.00,1.00
2010.08.26 07:15:18.577,1.31225,1.31245,5.60,1.00
2010.08.26 07:15:19.917,1.3123,1.3125,1.00,1.60
2010.08.26 07:15:20.053,1.3123,1.3125,3.20,1.00
2010.08.26 07:15:20.308,1.3123,1.3125,4.80,1.00
2010.08.26 07:15:20.439,1.3123,1.3125,3.20,1.00
2010.08.26 07:15:22.927,1.3123,1.3125,4.80,1.00
2010.08.26 07:15:27.486,1.3123,1.3125,4.00,1.00
2010.08.26 07:15:29.656,1.3123,1.31245,3.20,1.00
2010.08.26 07:15:29.885,1.3123,1.31245,1.60,1.60
2010.08.26 07:15:30.111,1.3123,1.3124,1.60,1.00
2010.08.26 07:15:31.525,1.3122,1.3124,3.20,1.60
2010.08.26 07:15:32.285,1.3122,1.3124,1.60,1.60
2010.08.26 07:15:37.251,1.31215,1.3124,4.80,1.60
2010.08.26 07:15:38.248,1.31215,1.3124,3.20,1.60
2010.08.26 07:15:46.738,1.31215,1.3124,4.00,1.60
2010.08.26 07:15:48.142,1.31215,1.3124,8.00,1.60
2010.08.26 07:15:48.469,1.31215,1.3124,8.00,1.00
2010.08.26 07:15:48.990,1.31215,1.3124,4.00,1.00
2010.08.26 07:15:54.316,1.31215,1.31235,3.20,1.00
2010.08.26 07:15:54.526,1.31215,1.3124,3.20,1.60
2010.08.26 07:15:55.328,1.3122,1.3124,1.60,1.60
2010.08.26 07:15:56.499,1.3122,1.3124,1.60,1.00
2010.08.26 07:15:56.812,1.3122,1.3124,1.60,11.20
2010.08.26 07:15:57.848,1.31215,1.31235,3.20,1.00
2010.08.26 07:15:58.073,1.31215,1.3124,3.20,12.80
2010.08.26 07:15:58.292,1.31215,1.3124,3.20,1.60
2010.08.26 07:15:59.152,1.31215,1.3124,3.20,2.40
2010.08.26 07:16:02.515,1.31215,1.3124,3.20,12.80
2010.08.26 07:16:02.861,1.31215,1.3124,7.20,1.60
2010.08.26 07:16:11.289,1.31215,1.31225,7.20,2.40
2010.08.26 07:16:11.520,1.31215,1.3122,4.00,1.00
2010.08.26 07:16:12.181,1.3121,1.3122,2.40,1.00
2010.08.26 07:16:12.421,1.31205,1.3122,1.60,1.00
2010.08.26 07:16:24.879,1.31205,1.3122,3.20,1.00
2010.08.26 07:16:25.390,1.3121,1.3122,2.40,1.00
2010.08.26 07:16:25.614,1.3121,1.31225,1.00,1.00
2010.08.26 07:16:30.263,1.3121,1.31225,1.00,1.00
2010.08.26 07:16:31.493,1.31205,1.3122,1.00,1.00
2010.08.26 07:16:32.737,1.312,1.3122,4.80,4.80
2010.08.26 07:16:33.031,1.31205,1.3122,3.20,2.40
2010.08.26 07:16:33.320,1.31205,1.3122,1.00,2.40
2010.08.26 07:16:33.925,1.3121,1.3122,1.00,1.60
2010.08.26 07:16:34.112,1.312,1.31215,9.60,1.00
2010.08.26 07:16:34.615,1.312,1.31215,1.60,1.00
2010.08.26 07:16:34.808,1.312,1.3122,5.60,7.20
2010.08.26 07:16:35.154,1.312,1.3122,7.20,4.00
2010.08.26 07:16:35.924,1.312,1.3122,1.60,8.00
2010.08.26 07:16:36.160,1.31205,1.3122,1.00,1.60
2010.08.26 07:16:36.398,1.31205,1.31225,1.00,8.00
2010.08.26 07:16:37.134,1.31205,1.31225,1.00,2.40
2010.08.26 07:16:37.479,1.31205,1.31225,2.40,2.40
2010.08.26 07:16:38.411,1.3121,1.31225,1.60,1.60
2010.08.26 07:16:38.717,1.3121,1.3123,5.60,4.00
2010.08.26 07:16:40.259,1.3121,1.3123,4.00,4.00
2010.08.26 07:16:40.367,1.3121,1.3123,5.60,4.00
2010.08.26 07:16:40.688,1.3121,1.31225,5.60,1.60
2010.08.26 07:16:40.803,1.3121,1.31225,3.20,1.60
2010.08.26 07:16:40.907,1.3121,1.31225,3.20,2.40
2010.08.26 07:16:41.980,1.3121,1.3123,5.60,4.00
2010.08.26 07:16:43.522,1.3121,1.3123,3.20,6.40
2010.08.26 07:16:43.683,1.3121,1.31225,3.20,2.40
2010.08.26 07:16:48.269,1.3121,1.31225,2.40,3.20
2010.08.26 07:16:48.551,1.31205,1.31215,1.60,1.00
2010.08.26 07:16:48.781,1.31195,1.31215,2.80,4.80
2010.08.26 07:16:49.434,1.31195,1.3121,1.00,1.00
2010.08.26 07:16:49.565,1.31195,1.3121,1.00,1.00
2010.08.26 07:16:49.811,1.31195,1.3121,2.40,1.00
2010.08.26 07:16:49.939,1.3119,1.3121,4.00,2.40
2010.08.26 07:16:50.469,1.3119,1.3121,2.40,4.80
2010.08.26 07:16:50.838,1.3119,1.3121,1.60,4.80
2010.08.26 07:16:51.186,1.31185,1.31205,2.40,1.60
2010.08.26 07:16:51.727,1.31185,1.31205,2.40,5.60
2010.08.26 07:16:52.087,1.31185,1.312,1.60,2.40
2010.08.26 07:16:52.432,1.31185,1.312,1.60,6.40
2010.08.26 07:16:53.209,1.31185,1.312,1.60,8.80
2010.08.26 07:16:53.455,1.3118,1.31195,1.00,1.00
2010.08.26 07:16:54.461,1.3118,1.31195,1.00,1.60
2010.08.26 07:16:55.184,1.31175,1.31195,4.80,1.60
2010.08.26 07:16:56.458,1.31175,1.31195,4.80,2.00
2010.08.26 07:16:56.928,1.31175,1.31195,4.00,2.00
2010.08.26 07:16:57.275,1.31175,1.3119,2.40,1.60
2010.08.26 07:16:57.463,1.31175,1.31185,1.60,1.00
2010.08.26 07:16:58.013,1.3117,1.31185,1.60,1.00
2010.08.26 07:16:58.115,1.31165,1.31185,4.00,2.40
2010.08.26 07:16:58.211,1.31165,1.31185,4.00,3.20
2010.08.26 07:16:58.311,1.3117,1.31185,2.40,3.40
2010.08.26 07:16:59.100,1.31175,1.31185,2.40,1.00
2010.08.26 07:16:59.455,1.3117,1.3119,4.80,1.00
2010.08.26 07:17:00.182,1.3116,1.3118,4.00,1.60
2010.08.26 07:17:00.454,1.3116,1.3118,4.00,3.20
2010.08.26 07:17:01.233,1.3116,1.3118,4.00,4.00
2010.08.26 07:17:03.680,1.3116,1.3118,4.00,3.20
2010.08.26 07:17:03.873,1.3116,1.3118,4.00,1.60
2010.08.26 07:17:04.612,1.3115,1.31175,11.90,6.40
2010.08.26 07:17:04.899,1.3115,1.3117,6.40,1.00
2010.08.26 07:17:05.618,1.3115,1.3117,10.40,1.00
2010.08.26 07:17:06.216,1.3115,1.3117,14.40,1.00
2010.08.26 07:17:07.009,1.3115,1.3117,10.40,1.00
2010.08.26 07:17:08.567,1.3115,1.31165,8.00,1.00
2010.08.26 07:17:08.742,1.31145,1.31165,4.00,1.00
2010.08.26 07:17:09.516,1.31145,1.31165,12.00,1.00
2010.08.26 07:17:11.266,1.31145,1.3116,16.80,1.00
2010.08.26 07:17:11.567,1.3115,1.3117,2.40,3.20
2010.08.26 07:17:11.918,1.3115,1.3117,4.00,2.40
2010.08.26 07:17:12.720,1.31155,1.31175,2.40,1.00
2010.08.26 07:17:14.205,1.31165,1.3118,2.40,8.00
2010.08.26 07:17:14.890,1.31155,1.31175,4.60,1.00
2010.08.26 07:17:15.186,1.31155,1.31175,4.00,1.00
2010.08.26 07:17:19.087,1.31155,1.31175,10.40,1.00
2010.08.26 07:17:20.077,1.3116,1.31175,2.40,1.00
2010.08.26 07:17:20.642,1.31155,1.31175,17.60,1.00
2010.08.26 07:17:20.998,1.31155,1.31175,11.20,1.00
2010.08.26 07:17:22.098,1.31155,1.3117,9.60,1.00
2010.08.26 07:17:28.045,1.3116,1.31175,2.40,1.60
2010.08.26 07:17:28.399,1.3115,1.31175,4.00,1.00
2010.08.26 07:17:28.661,1.3115,1.31175,4.00,4.80
2010.08.26 07:17:28.929,1.3115,1.31175,4.00,5.60
2010.08.26 07:17:29.589,1.3115,1.3117,4.00,1.00
2010.08.26 07:17:29.863,1.3115,1.3117,2.40,1.00
2010.08.26 07:17:32.746,1.31155,1.3117,1.60,1.00
2010.08.26 07:17:33.423,1.3115,1.3117,3.20,1.00
2010.08.26 07:17:33.498,1.3115,1.3117,6.40,1.00
2010.08.26 07:17:33.639,1.3115,1.31165,5.60,1.00
2010.08.26 07:17:34.102,1.3115,1.31165,1.60,1.00
2010.08.26 07:17:40.902,1.31145,1.31165,2.40,6.40
2010.08.26 07:17:41.136,1.31145,1.31165,2.40,2.40
2010.08.26 07:17:41.377,1.31145,1.31165,3.20,2.40
2010.08.26 07:17:41.820,1.31145,1.31165,3.20,3.00
2010.08.26 07:17:42.184,1.3115,1.31165,2.40,1.20
2010.08.26 07:17:42.533,1.3115,1.31165,4.80,1.20
2010.08.26 07:17:43.989,1.3115,1.3117,4.80,2.40
2010.08.26 07:17:46.576,1.3115,1.3117,5.60,2.40
2010.08.26 07:17:47.887,1.31155,1.3117,3.20,1.60
2010.08.26 07:17:48.234,1.31155,1.3117,4.80,1.60
2010.08.26 07:17:49.470,1.3115,1.3117,5.60,2.40
2010.08.26 07:17:49.681,1.3115,1.3117,4.80,2.40
2010.08.26 07:17:50.000,1.31155,1.31175,1.60,2.40
2010.08.26 07:17:50.324,1.31155,1.31175,1.60,1.00
2010.08.26 07:17:51.557,1.31155,1.31175,9.70,1.00
2010.08.26 07:17:51.766,1.3116,1.3118,3.20,2.40
2010.08.26 07:17:52.879,1.3116,1.3118,4.80,2.40
2010.08.26 07:17:53.756,1.31165,1.3118,4.80,1.60
2010.08.26 07:17:54.549,1.31165,1.3118,4.80,1.60
2010.08.26 07:17:55.296,1.31165,1.3118,3.20,1.60
2010.08.26 07:17:57.876,1.31165,1.3118,5.60,1.60
2010.08.26 07:17:58.229,1.3117,1.3119,4.00,1.60
2010.08.26 07:17:58.792,1.3117,1.31195,4.00,14.60
2010.08.26 07:17:59.153,1.31175,1.31195,1.00,2.40
2010.08.26 07:18:01.349,1.31175,1.31195,1.00,1.60
2010.08.26 07:18:01.507,1.31175,1.31195,1.60,1.60
2010.08.26 07:18:02.297,1.31175,1.31195,3.20,1.60
2010.08.26 07:18:02.979,1.31175,1.312,3.20,8.00
2010.08.26 07:18:03.253,1.3118,1.312,1.60,8.00
2010.08.26 07:18:03.706,1.3118,1.312,1.60,6.40
2010.08.26 07:18:05.601,1.3118,1.312,2.40,5.60
2010.08.26 07:18:06.151,1.3118,1.312,1.60,7.20
2010.08.26 07:18:07.089,1.3118,1.312,1.60,3.20
2010.08.26 07:18:07.420,1.3118,1.312,2.40,2.40
2010.08.26 07:18:07.625,1.3118,1.312,2.40,1.60
2010.08.26 07:18:09.459,1.3118,1.31205,6.40,1.60
2010.08.26 07:18:10.081,1.3119,1.3121,4.00,1.60
2010.08.26 07:18:10.864,1.3119,1.31215,2.40,5.60
2010.08.26 07:18:11.214,1.3119,1.31215,6.40,1.60
2010.08.26 07:18:12.007,1.3119,1.3121,2.40,1.60
2010.08.26 07:18:12.286,1.3119,1.3121,3.20,1.60
2010.08.26 07:18:17.352,1.3119,1.3121,2.40,1.60
2010.08.26 07:18:17.527,1.3119,1.31205,1.00,1.60
2010.08.26 07:18:18.457,1.31185,1.31205,1.60,1.60
2010.08.26 07:18:18.802,1.31185,1.31205,1.00,1.60
2010.08.26 07:18:19.502,1.31185,1.312,1.00,1.60
2010.08.26 07:18:22.817,1.31185,1.312,1.00,1.80
2010.08.26 07:18:23.055,1.31185,1.312,1.00,2.00
2010.08.26 07:18:23.284,1.31185,1.312,1.00,3.60
2010.08.26 07:18:23.789,1.3118,1.31195,2.40,1.00
2010.08.26 07:18:24.018,1.31175,1.3119,4.00,1.60
2010.08.26 07:18:26.180,1.31175,1.3119,4.00,4.00
2010.08.26 07:18:26.767,1.31175,1.3119,1.00,4.80
2010.08.26 07:18:27.119,1.3117,1.3119,5.60,5.20
2010.08.26 07:18:27.611,1.3117,1.3119,4.00,5.20
2010.08.26 07:18:31.614,1.3117,1.3119,5.60,5.20
2010.08.26 07:18:36.936,1.3117,1.3119,7.20,5.20
2010.08.26 07:18:39.494,1.3117,1.3119,7.20,6.20
2010.08.26 07:18:40.740,1.3117,1.3119,5.60,6.20
2010.08.26 07:18:41.464,1.3117,1.3119,3.20,9.70
2010.08.26 07:18:41.630,1.3117,1.3119,5.60,9.70
2010.08.26 07:18:41.979,1.3117,1.3119,5.60,6.20
2010.08.26 07:18:42.879,1.3117,1.3119,5.60,7.80
2010.08.26 07:18:43.032,1.3117,1.31185,2.40,2.40
2010.08.26 07:18:43.178,1.31165,1.31185,10.60,2.40
2010.08.26 07:18:43.683,1.31165,1.31185,9.60,2.40
2010.08.26 07:18:43.837,1.31165,1.31185,8.80,3.80
2010.08.26 07:18:44.965,1.31165,1.31185,8.80,2.80
2010.08.26 07:18:47.491,1.31165,1.31185,7.20,2.80
2010.08.26 07:18:48.131,1.31165,1.31185,8.80,2.80
2010.08.26 07:18:49.761,1.31165,1.31185,7.20,2.80
2010.08.26 07:18:51.059,1.31165,1.31185,7.20,2.60
2010.08.26 07:18:51.331,1.31165,1.31185,8.80,2.60
2010.08.26 07:18:51.604,1.31165,1.31185,8.80,2.40
2010.08.26 07:18:54.473,1.3117,1.31185,1.60,1.00
2010.08.26 07:18:54.915,1.31165,1.31185,11.20,2.40
2010.08.26 07:18:57.698,1.31165,1.31185,11.20,1.60
2010.08.26 07:18:57.803,1.3117,1.3119,1.60,15.20
2010.08.26 07:18:57.914,1.3117,1.3119,1.60,13.60
2010.08.26 07:18:58.020,1.31175,1.3119,2.40,6.40
2010.08.26 07:18:58.561,1.3117,1.3119,17.60,6.40
2010.08.26 07:18:58.674,1.3117,1.3119,7.20,4.80
2010.08.26 07:18:58.785,1.31175,1.3119,1.00,3.20
2010.08.26 07:18:59.564,1.3117,1.3119,15.20,1.00
2010.08.26 07:18:59.915,1.31175,1.3119,2.50,1.00
2010.08.26 07:19:00.267,1.31175,1.31195,18.50,2.40
2010.08.26 07:19:00.705,1.31175,1.31195,10.50,2.40
2010.08.26 07:19:01.059,1.3118,1.312,5.60,2.40
2010.08.26 07:19:01.312,1.3118,1.312,11.20,2.40
2010.08.26 07:19:02.029,1.3118,1.312,12.00,2.40
2010.08.26 07:19:02.291,1.3119,1.3121,1.00,2.40
2010.08.26 07:19:02.647,1.3119,1.3121,1.00,6.40
2010.08.26 07:19:03.403,1.31185,1.3121,1.00,1.60
2010.08.26 07:19:04.282,1.31185,1.3121,1.00,5.60
2010.08.26 07:19:05.024,1.3118,1.31195,5.60,1.00
2010.08.26 07:19:05.747,1.31185,1.312,9.60,1.60
2010.08.26 07:19:06.107,1.3122,1.31235,1.60,6.40
2010.08.26 07:19:06.797,1.3122,1.3123,2.40,2.40
2010.08.26 07:19:07.151,1.3122,1.3124,3.20,4.80
2010.08.26 07:19:08.245,1.3122,1.3124,1.00,4.80
2010.08.26 07:19:09.018,1.31215,1.3124,3.20,4.80
2010.08.26 07:19:09.131,1.31215,1.3124,3.20,5.60
2010.08.26 07:19:09.609,1.31215,1.31235,1.00,1.00
2010.08.26 07:19:09.736,1.31215,1.31235,1.00,3.20
2010.08.26 07:19:16.098,1.31215,1.31235,1.00,7.20
2010.08.26 07:19:20.977,1.3122,1.31235,4.80,7.20
2010.08.26 07:19:21.184,1.3122,1.3123,11.20,2.40
2010.08.26 07:19:21.385,1.3122,1.3123,12.00,1.60
2010.08.26 07:19:21.589,1.3122,1.31235,16.80,1.00
2010.08.26 07:19:22.182,1.3123,1.3124,1.00,2.40
2010.08.26 07:19:22.539,1.3123,1.31245,4.00,2.40
2010.08.26 07:19:22.883,1.3123,1.31245,4.00,3.20
2010.08.26 07:19:27.278,1.31225,1.3124,6.40,4.80
2010.08.26 07:19:27.960,1.31225,1.3124,6.40,1.00
2010.08.26 07:19:28.927,1.31225,1.3124,6.40,2.40
2010.08.26 07:19:29.839,1.31225,1.3124,6.40,1.00
2010.08.26 07:19:31.985,1.3123,1.31245,4.80,2.40
2010.08.26 07:19:32.331,1.3123,1.31245,4.80,1.60
2010.08.26 07:19:32.984,1.3123,1.31245,6.40,1.60
2010.08.26 07:19:33.199,1.3123,1.31245,4.00,1.60
2010.08.26 07:19:34.704,1.3123,1.31245,2.40,3.20
2010.08.26 07:19:34.789,1.31225,1.31245,9.80,4.00
2010.08.26 07:19:34.869,1.3123,1.31245,2.40,4.00
2010.08.26 07:19:35.371,1.3123,1.31245,2.40,3.20
2010.08.26 07:19:35.730,1.3123,1.31245,4.00,3.20
2010.08.26 07:19:43.441,1.3123,1.31245,1.60,3.20
2010.08.26 07:19:43.685,1.3123,1.31245,4.00,3.20
2010.08.26 07:19:45.302,1.31225,1.31235,4.20,6.40
2010.08.26 07:19:45.422,1.31225,1.31235,1.00,9.60
2010.08.26 07:19:45.538,1.31225,1.3123,1.00,1.60
2010.08.26 07:19:45.659,1.3122,1.3123,4.80,1.60
2010.08.26 07:19:45.780,1.31215,1.3123,1.00,1.60
2010.08.26 07:19:45.900,1.3121,1.3123,6.80,1.60
2010.08.26 07:19:46.685,1.3121,1.3123,7.20,2.40
2010.08.26 07:19:50.590,1.31215,1.3123,4.80,1.60
2010.08.26 07:19:51.386,1.31215,1.31235,5.60,2.40
2010.08.26 07:19:51.871,1.3122,1.31235,1.00,1.60
2010.08.26 07:19:53.020,1.31215,1.3123,1.00,2.40
2010.08.26 07:19:53.373,1.3121,1.3123,8.00,2.40
2010.08.26 07:19:53.662,1.31215,1.3123,4.80,1.60
2010.08.26 07:19:53.948,1.31215,1.3123,5.60,1.60
2010.08.26 07:19:54.745,1.31215,1.31235,7.20,2.40
2010.08.26 07:19:54.902,1.31225,1.3124,1.00,2.40
2010.08.26 07:19:55.028,1.31225,1.3124,1.00,1.60
2010.08.26 07:19:56.106,1.31225,1.31235,1.60,2.40
2010.08.26 07:19:56.449,1.31215,1.31235,7.20,2.40
2010.08.26 07:19:57.198,1.31215,1.31235,9.60,2.40
2010.08.26 07:19:59.626,1.31215,1.31235,9.60,3.00
2010.08.26 07:20:01.637,1.31225,1.31235,1.00,2.20
2010.08.26 07:20:01.864,1.31225,1.31235,1.00,1.00
2010.08.26 07:20:02.548,1.31225,1.31245,1.00,3.20
2010.08.26 07:20:03.846,1.3122,1.31235,3.20,1.00
2010.08.26 07:20:04.002,1.31215,1.31235,7.20,2.40
2010.08.26 07:20:04.737,1.31215,1.31235,7.20,3.40
2010.08.26 07:20:05.560,1.31215,1.31235,7.20,2.90
2010.08.26 07:20:05.841,1.31215,1.31235,7.20,3.40
2010.08.26 07:20:11.690,1.3122,1.3123,2.40,1.60
2010.08.26 07:20:12.364,1.3122,1.31225,4.00,1.00
2010.08.26 07:20:13.371,1.31225,1.3124,2.40,2.00
2010.08.26 07:20:19.681,1.31225,1.3124,3.20,2.20
2010.08.26 07:20:19.915,1.31225,1.3124,3.20,2.40
2010.08.26 07:20:20.380,1.31225,1.3124,2.40,3.20
2010.08.26 07:20:20.623,1.3122,1.3124,5.60,4.80
2010.08.26 07:20:22.054,1.31225,1.3124,1.00,1.60
2010.08.26 07:20:22.402,1.3122,1.31235,3.20,1.60
2010.08.26 07:20:23.212,1.3122,1.31235,2.40,1.60
2010.08.26 07:20:24.813,1.31215,1.31235,3.20,1.60
2010.08.26 07:20:26.036,1.31215,1.3123,2.40,1.60
2010.08.26 07:20:32.163,1.31215,1.31235,2.40,1.60
2010.08.26 07:20:32.930,1.31215,1.31235,3.20,1.60
2010.08.26 07:20:33.289,1.31235,1.3125,6.40,1.60
2010.08.26 07:20:33.834,1.31235,1.3125,4.00,1.60
2010.08.26 07:20:33.988,1.3123,1.3125,4.10,3.20
2010.08.26 07:20:34.333,1.3123,1.3125,3.30,3.20
2010.08.26 07:20:34.682,1.3123,1.3125,3.50,3.20
2010.08.26 07:20:35.145,1.3123,1.3125,3.20,3.20
2010.08.26 07:20:35.397,1.31225,1.31245,3.20,1.00
2010.08.26 07:20:36.512,1.31225,1.31245,5.60,1.00
2010.08.26 07:20:36.843,1.31225,1.3125,5.60,8.80
2010.08.26 07:20:37.174,1.3123,1.3125,3.20,4.80
2010.08.26 07:20:39.608,1.31235,1.3125,2.40,1.60
2010.08.26 07:20:39.760,1.31225,1.31245,16.90,3.20
2010.08.26 07:20:40.317,1.3123,1.31245,1.60,1.00
2010.08.26 07:20:40.672,1.3124,1.31255,1.60,1.60
2010.08.26 07:20:41.026,1.3125,1.3126,4.00,1.60
2010.08.26 07:20:41.263,1.3125,1.3127,4.00,3.20
2010.08.26 07:20:41.863,1.3125,1.31265,2.40,5.60
2010.08.26 07:20:42.174,1.3124,1.31265,2.40,11.20
2010.08.26 07:20:42.787,1.3124,1.31265,2.40,10.40
2010.08.26 07:20:43.630,1.3124,1.31265,2.40,14.40
2010.08.26 07:20:43.958,1.3124,1.3126,2.40,12.80
2010.08.26 07:20:44.553,1.3124,1.31255,1.60,1.00
2010.08.26 07:20:45.579,1.31245,1.3127,8.00,4.80
2010.08.26 07:20:45.761,1.31245,1.3127,9.60,4.80
2010.08.26 07:20:46.435,1.31255,1.31275,12.90,3.20
2010.08.26 07:20:46.789,1.3125,1.31275,3.20,4.00
2010.08.26 07:20:47.552,1.3125,1.31275,2.40,5.60
2010.08.26 07:20:48.873,1.3125,1.3127,2.40,2.40
2010.08.26 07:20:49.452,1.3125,1.3127,1.60,2.40
2010.08.26 07:20:49.614,1.31245,1.3127,5.60,4.80
2010.08.26 07:20:49.903,1.3125,1.3127,1.00,4.00
2010.08.26 07:20:50.192,1.31245,1.31275,13.60,6.40
2010.08.26 07:20:50.485,1.3125,1.3127,1.60,1.60
2010.08.26 07:20:51.269,1.31255,1.31275,2.40,4.80
2010.08.26 07:20:51.485,1.31255,1.31275,4.00,4.80
2010.08.26 07:20:52.368,1.3125,1.3127,1.60,2.40
2010.08.26 07:20:52.713,1.3125,1.3127,1.60,4.00
2010.08.26 07:20:53.486,1.31245,1.31265,2.40,1.00
2010.08.26 07:20:53.804,1.3124,1.3126,1.60,1.00
2010.08.26 07:20:54.105,1.31245,1.3126,1.60,1.00
2010.08.26 07:20:54.828,1.31245,1.31265,1.60,8.00
2010.08.26 07:20:55.160,1.31245,1.31265,1.60,4.00
2010.08.26 07:20:57.090,1.31245,1.31265,1.60,8.00
2010.08.26 07:20:57.258,1.31245,1.31265,1.60,4.00
2010.08.26 07:20:58.532,1.31245,1.31265,1.60,8.00
2010.08.26 07:20:58.696,1.3124,1.31265,1.60,8.00
2010.08.26 07:21:00.157,1.3124,1.31265,1.60,4.00
2010.08.26 07:21:00.459,1.3124,1.31265,1.60,8.00
2010.08.26 07:21:00.607,1.3124,1.31265,1.60,9.60
2010.08.26 07:21:00.758,1.3124,1.31265,1.60,5.60
2010.08.26 07:21:01.168,1.3124,1.31265,1.60,9.60
2010.08.26 07:21:01.437,1.3124,1.31265,1.60,5.60
2010.08.26 07:21:02.588,1.3124,1.31265,1.60,4.80
2010.08.26 07:21:03.118,1.3124,1.31265,1.60,4.00
2010.08.26 07:21:06.920,1.3124,1.31265,1.60,4.80
2010.08.26 07:21:07.829,1.3124,1.31265,6.40,3.20
2010.08.26 07:21:07.939,1.3124,1.31265,5.60,4.00
2010.08.26 07:21:08.066,1.3124,1.31265,5.60,4.80
2010.08.26 07:21:08.182,1.3124,1.31265,1.60,5.60
2010.08.26 07:21:09.537,1.3124,1.31265,1.60,12.80
2010.08.26 07:21:09.856,1.3125,1.31255,1.00,8.00
2010.08.26 07:21:10.548,1.31245,1.3126,3.20,4.00
2010.08.26 07:21:10.796,1.31245,1.3126,1.60,4.00
2010.08.26 07:21:12.070,1.31255,1.3126,1.00,4.00
2010.08.26 07:21:12.289,1.31255,1.31275,2.40,4.10
2010.08.26 07:21:12.493,1.31255,1.31275,2.40,4.00
2010.08.26 07:21:12.703,1.31255,1.31275,6.40,4.00
2010.08.26 07:21:13.989,1.31265,1.31275,2.40,1.60
2010.08.26 07:21:14.258,1.31265,1.3128,3.20,2.40
2010.08.26 07:21:14.496,1.31265,1.3128,1.00,1.60
2010.08.26 07:21:15.354,1.3126,1.3128,1.60,3.20
2010.08.26 07:21:15.870,1.3126,1.3128,1.60,4.00
2010.08.26 07:21:16.526,1.3126,1.31275,1.60,1.00
2010.08.26 07:21:16.746,1.3126,1.31275,1.60,2.40
2010.08.26 07:21:18.197,1.3126,1.3128,1.60,3.20
2010.08.26 07:21:18.545,1.3126,1.3128,3.20,2.40
2010.08.26 07:21:22.028,1.3125,1.31265,1.60,1.00
2010.08.26 07:21:24.050,1.31255,1.3127,3.20,2.40
2010.08.26 07:21:24.329,1.31255,1.31275,3.20,2.40
2010.08.26 07:21:25.468,1.3126,1.31275,1.60,2.40
2010.08.26 07:21:26.408,1.31275,1.3129,6.40,2.00
2010.08.26 07:21:26.754,1.31275,1.31295,2.40,4.80
2010.08.26 07:21:27.502,1.31275,1.31295,2.40,4.00
2010.08.26 07:21:28.155,1.31275,1.31295,2.40,2.40
2010.08.26 07:21:28.890,1.31275,1.31295,3.20,2.40
2010.08.26 07:21:29.236,1.31275,1.31295,1.60,2.40
2010.08.26 07:21:30.361,1.31275,1.3129,1.00,1.00
2010.08.26 07:21:30.641,1.3127,1.3129,2.40,6.40
2010.08.26 07:21:30.910,1.3127,1.3129,2.40,11.20
2010.08.26 07:21:31.597,1.3127,1.3129,1.00,12.00
2010.08.26 07:21:31.950,1.3127,1.3129,1.00,7.20
2010.08.26 07:21:34.320,1.3127,1.3129,1.00,8.00
2010.08.26 07:21:34.443,1.3127,1.3129,1.00,4.00
2010.08.26 07:21:34.957,1.3128,1.3129,1.00,1.60
2010.08.26 07:21:35.086,1.3128,1.31295,1.00,1.60
2010.08.26 07:21:35.318,1.3128,1.31295,1.00,2.40
2010.08.26 07:21:36.424,1.3127,1.3129,4.00,9.60
2010.08.26 07:21:36.532,1.3126,1.3128,2.80,2.40
2010.08.26 07:21:36.717,1.3126,1.3128,3.20,2.40
2010.08.26 07:21:36.808,1.3126,1.3128,4.00,2.40
2010.08.26 07:21:36.989,1.31265,1.31285,3.20,1.60
2010.08.26 07:21:37.169,1.31265,1.3129,3.20,16.00
2010.08.26 07:21:38.030,1.3127,1.3129,1.00,14.40
2010.08.26 07:21:38.384,1.3126,1.31275,5.60,2.40
2010.08.26 07:21:38.732,1.3127,1.31285,1.00,2.40
2010.08.26 07:21:38.860,1.3127,1.31285,1.00,1.60
2010.08.26 07:21:40.398,1.3127,1.3129,1.00,8.80
2010.08.26 07:21:41.408,1.3127,1.3129,1.00,7.20
2010.08.26 07:21:42.058,1.3127,1.3129,1.00,8.00
2010.08.26 07:21:42.444,1.3127,1.31285,1.00,1.00
2010.08.26 07:21:42.648,1.31265,1.31285,2.40,2.40
2010.08.26 07:21:43.106,1.31265,1.31285,2.40,4.00
2010.08.26 07:21:43.436,1.3126,1.3128,2.40,3.20
2010.08.26 07:21:44.198,1.31265,1.3128,3.20,2.40
2010.08.26 07:21:44.537,1.3127,1.31285,10.40,1.00
2010.08.26 07:21:44.879,1.3127,1.31285,11.20,1.00
2010.08.26 07:21:45.221,1.3127,1.31285,1.00,1.00
2010.08.26 07:21:46.044,1.3127,1.31285,11.20,1.60
2010.08.26 07:21:46.337,1.3127,1.3128,4.00,1.00
2010.08.26 07:21:46.570,1.3126,1.3128,2.40,1.00
2010.08.26 07:21:47.025,1.31265,1.3128,6.00,1.00
2010.08.26 07:21:47.287,1.31275,1.31295,9.60,1.60
2010.08.26 07:21:47.873,1.3128,1.31295,1.00,1.60
2010.08.26 07:21:50.154,1.3127,1.3129,5.60,1.00
2010.08.26 07:21:50.423,1.3127,1.3129,2.40,1.00
2010.08.26 07:21:51.356,1.3127,1.31295,4.80,12.80
2010.08.26 07:21:52.000,1.3127,1.31295,4.80,12.00
2010.08.26 07:21:52.324,1.3127,1.31295,4.80,1.00
2010.08.26 07:21:53.026,1.3127,1.31295,4.80,4.00
2010.08.26 07:21:53.339,1.3127,1.313,8.80,3.20
2010.08.26 07:21:55.042,1.31275,1.313,1.60,3.20
2010.08.26 07:21:57.319,1.3128,1.313,2.40,2.40
2010.08.26 07:21:57.675,1.31285,1.31305,1.00,4.80
2010.08.26 07:21:58.031,1.3128,1.313,2.40,2.40
2010.08.26 07:22:00.861,1.31285,1.313,1.00,1.60
2010.08.26 07:22:01.802,1.31285,1.31305,2.40,1.00
2010.08.26 07:22:02.044,1.31295,1.3131,1.00,10.40
2010.08.26 07:22:02.503,1.31295,1.3131,1.00,11.20
2010.08.26 07:22:02.755,1.31295,1.3131,1.00,4.80
2010.08.26 07:22:03.105,1.3129,1.31305,13.60,2.40
2010.08.26 07:22:03.564,1.31295,1.31305,1.00,1.60
2010.08.26 07:22:03.920,1.31295,1.31315,2.40,6.60
2010.08.26 07:22:04.264,1.31295,1.3131,1.00,1.60
2010.08.26 07:22:05.095,1.3129,1.31305,4.80,1.60
2010.08.26 07:22:05.445,1.3128,1.313,8.40,1.00
2010.08.26 07:22:06.227,1.3128,1.313,3.20,1.00
2010.08.26 07:22:07.908,1.31295,1.313,4.80,1.00
2010.08.26 07:22:08.063,1.31295,1.31315,8.80,7.20
2010.08.26 07:22:08.952,1.31295,1.31315,6.40,7.20
2010.08.26 07:22:09.569,1.31295,1.31315,6.40,8.80
2010.08.26 07:22:09.764,1.31295,1.31315,6.40,12.80
2010.08.26 07:22:11.420,1.31295,1.31315,8.80,12.80
2010.08.26 07:22:11.620,1.31295,1.31315,9.60,7.20
2010.08.26 07:22:13.147,1.313,1.31315,4.00,8.00
2010.08.26 07:22:13.494,1.31295,1.31315,7.20,11.20
2010.08.26 07:22:14.262,1.31295,1.31315,12.00,4.80
2010.08.26 07:22:14.863,1.313,1.31315,6.40,4.80
2010.08.26 07:22:15.070,1.313,1.31315,9.60,4.00
2010.08.26 07:22:15.660,1.313,1.31315,10.40,3.20
2010.08.26 07:22:15.882,1.313,1.31315,1.00,6.40
2010.08.26 07:22:16.056,1.31295,1.31315,8.00,6.40
2010.08.26 07:22:16.795,1.31295,1.31315,8.00,7.20
2010.08.26 07:22:18.102,1.31295,1.3131,1.00,1.60
2010.08.26 07:22:18.579,1.31295,1.3131,1.00,2.40
2010.08.26 07:22:19.161,1.3129,1.31305,2.40,1.60
2010.08.26 07:22:19.518,1.31285,1.313,1.60,6.40
2010.08.26 07:22:19.862,1.3128,1.31305,9.60,7.20
2010.08.26 07:22:20.212,1.31295,1.31305,1.00,6.40
2010.08.26 07:22:20.430,1.3129,1.31305,1.60,1.60
2010.08.26 07:22:20.649,1.31285,1.31305,1.00,7.20
2010.08.26 07:22:21.297,1.31285,1.31305,2.40,12.00
2010.08.26 07:22:21.441,1.31285,1.31305,2.40,14.40
2010.08.26 07:22:21.719,1.31285,1.31305,2.40,10.40
2010.08.26 07:22:21.987,1.31285,1.31305,2.40,8.00
2010.08.26 07:22:22.588,1.31285,1.31305,2.40,4.00
2010.08.26 07:22:24.039,1.3128,1.313,8.80,1.00
2010.08.26 07:22:26.166,1.3128,1.313,6.40,2.40
2010.08.26 07:22:26.351,1.3128,1.313,2.40,3.20
2010.08.26 07:22:35.258,1.3128,1.313,2.40,2.40
2010.08.26 07:22:41.003,1.31285,1.313,1.60,1.00
2010.08.26 07:22:43.094,1.3128,1.313,2.40,2.40
2010.08.26 07:22:45.060,1.3128,1.313,3.20,2.40
2010.08.26 07:22:51.856,1.3128,1.313,5.60,2.40
2010.08.26 07:22:52.202,1.3128,1.31295,4.80,1.00
2010.08.26 07:22:52.910,1.3128,1.31295,4.00,1.00
2010.08.26 07:22:53.179,1.3128,1.313,5.60,1.00
2010.08.26 07:22:53.444,1.31285,1.313,1.60,1.00
2010.08.26 07:22:54.293,1.3128,1.31295,3.20,1.00
2010.08.26 07:22:55.026,1.31285,1.31295,2.40,1.00
2010.08.26 07:22:55.301,1.3129,1.31295,2.40,1.00
2010.08.26 07:22:55.860,1.3128,1.313,12.10,1.00
2010.08.26 07:22:56.171,1.31285,1.31295,1.00,1.00
2010.08.26 07:22:56.876,1.3128,1.31295,1.60,1.00
2010.08.26 07:22:57.968,1.3128,1.313,1.60,2.40
2010.08.26 07:22:58.983,1.3128,1.313,1.60,3.20
2010.08.26 07:22:59.158,1.3128,1.313,1.60,4.00
2010.08.26 07:22:59.763,1.3128,1.313,1.00,4.00
2010.08.26 07:22:59.854,1.31285,1.313,1.00,3.20
2010.08.26 07:23:00.028,1.31285,1.313,1.00,2.40
2010.08.26 07:23:00.861,1.31285,1.313,1.00,1.00
2010.08.26 07:23:10.134,1.3128,1.31295,1.60,1.70
2010.08.26 07:23:10.350,1.3128,1.31295,3.20,1.70
2010.08.26 07:23:11.003,1.31275,1.3129,2.40,1.00
2010.08.26 07:23:11.684,1.31275,1.3129,4.80,1.00
2010.08.26 07:23:13.096,1.3129,1.31295,4.80,1.70
2010.08.26 07:23:13.836,1.31295,1.31305,1.00,1.00
2010.08.26 07:23:14.197,1.31285,1.31305,1.60,3.20
2010.08.26 07:23:14.452,1.31285,1.31305,1.60,5.60
2010.08.26 07:23:15.137,1.3128,1.31305,4.00,5.60
2010.08.26 07:23:15.400,1.31285,1.313,1.60,1.00
2010.08.26 07:23:16.614,1.3129,1.3131,1.00,3.10
2010.08.26 07:23:16.819,1.3129,1.3131,1.00,2.30
2010.08.26 07:23:17.019,1.3129,1.3131,2.40,3.20
2010.08.26 07:23:18.190,1.31295,1.31315,1.00,15.40
2010.08.26 07:23:18.536,1.313,1.31315,1.00,4.00
2010.08.26 07:23:19.013,1.313,1.31315,1.00,3.20
2010.08.26 07:23:19.364,1.313,1.3132,1.00,4.00
2010.08.26 07:23:20.664,1.313,1.3132,1.00,2.40
2010.08.26 07:23:21.764,1.3131,1.31325,1.60,5.00
2010.08.26 07:23:21.988,1.31315,1.3133,1.00,8.00
2010.08.26 07:23:22.208,1.3132,1.31325,4.00,1.00
2010.08.26 07:23:22.425,1.3131,1.31325,8.00,1.00
2010.08.26 07:23:23.207,1.3131,1.3133,1.00,2.40
2010.08.26 07:23:23.896,1.31325,1.31335,1.00,12.10
2010.08.26 07:23:24.600,1.31325,1.31335,1.00,1.00
2010.08.26 07:23:28.778,1.3132,1.31335,16.00,1.00
2010.08.26 07:23:29.127,1.3132,1.3134,26.80,1.60
2010.08.26 07:23:29.480,1.31335,1.31345,1.00,1.00
2010.08.26 07:23:30.167,1.3133,1.3135,1.60,4.80
2010.08.26 07:23:33.231,1.31335,1.3135,1.00,4.00
2010.08.26 07:23:33.705,1.31335,1.3135,1.00,1.60
2010.08.26 07:23:33.904,1.31335,1.3135,3.20,1.60
2010.08.26 07:23:34.100,1.31345,1.3135,1.00,1.60
2010.08.26 07:23:34.291,1.31345,1.3136,5.60,10.40
2010.08.26 07:23:34.490,1.31345,1.31365,8.00,3.40
2010.08.26 07:23:35.110,1.3135,1.31365,1.00,2.20
2010.08.26 07:23:35.443,1.3135,1.3137,8.00,1.60
2010.08.26 07:23:35.772,1.31355,1.3137,1.00,1.60
2010.08.26 07:23:36.831,1.31355,1.3137,1.00,2.40
2010.08.26 07:23:37.124,1.31355,1.3137,1.00,1.00
2010.08.26 07:23:38.473,1.31355,1.31375,1.00,7.20
2010.08.26 07:23:38.798,1.31355,1.31375,1.00,3.20
2010.08.26 07:23:39.564,1.31355,1.31375,1.00,7.20
2010.08.26 07:23:43.024,1.31355,1.3137,1.00,1.00
2010.08.26 07:23:43.370,1.31355,1.31375,1.00,5.60
2010.08.26 07:23:43.899,1.31355,1.31375,2.40,5.60
2010.08.26 07:23:44.959,1.31355,1.31375,2.40,1.60
2010.08.26 07:23:46.669,1.31355,1.31375,2.40,1.00
2010.08.26 07:23:47.456,1.31355,1.31375,2.40,1.60
2010.08.26 07:23:48.021,1.31355,1.31375,4.80,1.00
2010.08.26 07:23:50.571,1.3136,1.31375,1.60,1.00
2010.08.26 07:23:50.753,1.3136,1.31375,4.00,1.00
2010.08.26 07:23:51.102,1.3136,1.31375,9.60,1.00
2010.08.26 07:23:51.733,1.3136,1.31375,1.60,1.00
2010.08.26 07:23:55.143,1.3136,1.3138,2.40,2.40
2010.08.26 07:23:55.800,1.3136,1.3138,2.40,1.60
2010.08.26 07:23:56.661,1.3136,1.3138,2.40,5.60
2010.08.26 07:23:57.191,1.3136,1.3138,2.40,1.00
2010.08.26 07:23:58.050,1.3136,1.3138,1.00,1.60
2010.08.26 07:23:58.824,1.3136,1.31385,6.40,4.80
2010.08.26 07:23:59.172,1.3136,1.31375,5.60,1.60
2010.08.26 07:23:59.808,1.31355,1.31375,1.60,2.40
2010.08.26 07:24:00.163,1.31365,1.3138,1.00,1.00
2010.08.26 07:24:00.498,1.3136,1.3138,6.40,1.00
2010.08.26 07:24:01.269,1.3136,1.3138,4.00,1.00
2010.08.26 07:24:02.277,1.3136,1.3138,12.00,1.00
2010.08.26 07:24:02.620,1.3136,1.3138,4.00,1.00
2010.08.26 07:24:04.446,1.3136,1.3138,2.40,1.00
2010.08.26 07:24:04.630,1.31355,1.3137,14.40,1.00
2010.08.26 07:24:04.726,1.31355,1.3137,12.00,1.00
2010.08.26 07:24:05.321,1.31355,1.3137,4.00,1.00
2010.08.26 07:24:05.420,1.3136,1.31375,1.60,2.40
2010.08.26 07:24:07.799,1.31365,1.3138,4.80,2.40
2010.08.26 07:24:08.487,1.31365,1.3138,8.80,1.00
2010.08.26 07:24:08.837,1.31365,1.31385,8.80,1.60
2010.08.26 07:24:09.184,1.3137,1.31385,2.40,1.00
2010.08.26 07:24:09.955,1.3137,1.3139,6.40,6.40
2010.08.26 07:24:10.209,1.3137,1.3139,6.50,6.40
2010.08.26 07:24:11.156,1.3137,1.3139,6.50,8.00
2010.08.26 07:24:12.336,1.3137,1.3139,8.90,1.60
2010.08.26 07:24:12.673,1.31365,1.31385,16.00,1.00
2010.08.26 07:24:13.430,1.31365,1.31385,4.00,1.60
2010.08.26 07:24:13.776,1.3136,1.3138,6.40,1.60
2010.08.26 07:24:14.206,1.3136,1.3138,2.40,1.60
2010.08.26 07:24:16.400,1.3136,1.3138,1.00,1.60
2010.08.26 07:24:16.671,1.3136,1.31375,1.00,1.00
2010.08.26 07:24:17.720,1.31355,1.31375,4.80,1.60
2010.08.26 07:24:18.467,1.31355,1.3137,2.40,1.00
2010.08.26 07:24:18.800,1.31355,1.31375,2.40,4.00
2010.08.26 07:24:19.126,1.31355,1.31375,4.00,2.40
2010.08.26 07:24:19.883,1.31355,1.3137,4.00,1.00
2010.08.26 07:24:21.325,1.31355,1.31375,4.00,2.40
2010.08.26 07:24:22.265,1.31355,1.31375,4.00,2.40
2010.08.26 07:24:22.486,1.3136,1.31375,1.00,1.00
2010.08.26 07:24:22.690,1.3136,1.31375,1.00,1.00
2010.08.26 07:24:24.482,1.3136,1.31375,1.00,1.00
2010.08.26 07:24:25.193,1.3136,1.31375,1.00,1.00
2010.08.26 07:24:27.042,1.3136,1.3138,1.00,3.20
2010.08.26 07:24:28.086,1.3136,1.3138,1.00,3.20
2010.08.26 07:24:28.435,1.3136,1.3138,1.00,1.60
2010.08.26 07:24:29.258,1.3136,1.3138,1.00,1.60
2010.08.26 07:24:29.463,1.3136,1.3138,1.00,3.20
2010.08.26 07:24:34.306,1.3136,1.31375,1.00,1.00
2010.08.26 07:24:34.567,1.3136,1.31375,1.00,1.00
2010.08.26 07:24:35.444,1.3136,1.31375,1.00,1.00
2010.08.26 07:24:37.291,1.3136,1.3138,1.00,3.20
2010.08.26 07:24:38.252,1.3136,1.3138,1.00,3.20
2010.08.26 07:24:39.843,1.3136,1.3138,1.00,3.20
2010.08.26 07:24:42.506,1.3136,1.31375,1.00,6.00
2010.08.26 07:24:42.865,1.3134,1.31365,4.80,2.40
2010.08.26 07:24:43.127,1.3134,1.31365,8.80,1.60
2010.08.26 07:24:43.395,1.3134,1.3137,11.20,8.80
2010.08.26 07:24:44.077,1.3134,1.31365,8.80,1.00
2010.08.26 07:24:44.322,1.3135,1.3137,1.00,4.00
2010.08.26 07:24:44.568,1.3135,1.3137,1.00,1.00
2010.08.26 07:24:45.471,1.31345,1.31365,3.20,4.80
2010.08.26 07:24:45.818,1.3135,1.3137,1.00,3.20
2010.08.26 07:24:47.188,1.3135,1.3137,1.00,5.60
2010.08.26 07:24:47.423,1.31345,1.31365,1.00,1.60
2010.08.26 07:24:47.657,1.31345,1.31365,7.20,1.00
2010.08.26 07:24:47.948,1.3135,1.3137,1.00,6.40
2010.08.26 07:24:48.510,1.3135,1.3137,8.80,3.20
2010.08.26 07:24:48.799,1.31355,1.31365,1.60,4.00
2010.08.26 07:24:49.144,1.31345,1.31365,1.60,4.00
2010.08.26 07:24:49.587,1.31345,1.31365,1.60,1.60
2010.08.26 07:24:50.380,1.3134,1.31365,17.70,1.60
2010.08.26 07:24:53.691,1.31345,1.31365,12.80,1.00
2010.08.26 07:24:53.728,1.31345,1.31365,15.20,1.00
2010.08.26 07:24:54.336,1.31345,1.31365,15.30,1.00
2010.08.26 07:24:56.078,1.31345,1.31365,16.10,1.00
2010.08.26 07:24:56.835,1.31345,1.31365,6.40,1.60
2010.08.26 07:24:57.041,1.31345,1.31365,5.60,1.60
2010.08.26 07:24:57.670,1.31345,1.31365,1.60,1.60
2010.08.26 07:24:59.778,1.31345,1.31365,1.60,3.20
2010.08.26 07:25:00.596,1.3134,1.31365,16.80,3.20
2010.08.26 07:25:01.894,1.3134,1.3136,16.80,1.00
2010.08.26 07:25:01.965,1.3134,1.3136,2.40,1.00
2010.08.26 07:25:04.579,1.3134,1.3136,11.20,1.00
2010.08.26 07:25:05.234,1.3134,1.3136,13.60,1.00
2010.08.26 07:25:05.464,1.3134,1.3136,10.40,3.20
2010.08.26 07:25:05.692,1.3134,1.3135,4.00,1.00
2010.08.26 07:25:06.172,1.3134,1.3135,4.00,1.60
2010.08.26 07:25:06.488,1.3133,1.3135,4.00,1.00
2010.08.26 07:25:07.224,1.31325,1.31345,13.60,1.00
2010.08.26 07:25:07.545,1.31325,1.31345,12.80,1.00
2010.08.26 07:25:09.274,1.3133,1.3135,10.40,1.00
2010.08.26 07:25:09.626,1.3133,1.3135,8.80,1.00
2010.08.26 07:25:10.326,1.3133,1.3135,11.20,1.00
2010.08.26 07:25:10.595,1.3133,1.3135,11.20,1.00
2010.08.26 07:25:10.830,1.3133,1.3135,13.60,1.00
2010.08.26 07:25:11.995,1.3133,1.3135,13.70,1.00
2010.08.26 07:25:12.844,1.3133,1.3135,12.10,1.00
2010.08.26 07:25:13.063,1.31335,1.31355,3.20,3.20
2010.08.26 07:25:13.410,1.31335,1.31355,11.20,3.20
2010.08.26 07:25:14.095,1.31335,1.3135,10.40,1.00
2010.08.26 07:25:14.595,1.3134,1.3135,4.00,1.00
2010.08.26 07:25:14.803,1.3134,1.3136,4.00,4.80
2010.08.26 07:25:15.272,1.3134,1.3136,7.20,2.40
2010.08.26 07:25:15.400,1.3134,1.3136,11.20,2.40
2010.08.26 07:25:15.530,1.3134,1.3136,13.60,2.40
2010.08.26 07:25:16.101,1.3134,1.3136,8.80,1.00
2010.08.26 07:25:16.377,1.3134,1.3136,6.40,1.00
2010.08.26 07:25:16.652,1.3134,1.3136,6.40,2.40
2010.08.26 07:25:17.343,1.31345,1.3136,1.00,1.60
2010.08.26 07:25:17.700,1.31345,1.3136,1.00,1.60
2010.08.26 07:25:18.048,1.31345,1.31365,1.00,3.20
2010.08.26 07:25:18.393,1.31345,1.31365,4.80,3.20
2010.08.26 07:25:19.522,1.31345,1.31365,1.00,3.20
2010.08.26 07:25:22.313,1.31345,1.31365,7.20,1.00
2010.08.26 07:25:22.525,1.3135,1.3137,1.00,6.40
2010.08.26 07:25:24.058,1.31355,1.3137,1.00,4.80
2010.08.26 07:25:24.202,1.3135,1.3137,2.40,5.60
2010.08.26 07:25:25.568,1.3135,1.3137,7.20,5.60
2010.08.26 07:25:25.812,1.31355,1.3137,1.00,4.80
2010.08.26 07:25:26.049,1.31355,1.3137,1.00,4.80
2010.08.26 07:25:26.379,1.3135,1.3137,2.40,5.60
2010.08.26 07:25:28.250,1.3135,1.3136,2.40,2.40
2010.08.26 07:25:28.353,1.31345,1.3136,3.20,3.40
2010.08.26 07:25:28.890,1.3134,1.31355,10.00,2.40
2010.08.26 07:25:29.003,1.31335,1.3135,2.40,2.40
2010.08.26 07:25:29.102,1.31335,1.31345,2.40,2.40
2010.08.26 07:25:29.990,1.31335,1.3135,1.00,2.40
2010.08.26 07:25:31.810,1.3133,1.31345,8.80,1.00
2010.08.26 07:25:31.972,1.31335,1.31345,1.60,3.20
2010.08.26 07:25:32.131,1.3133,1.31345,1.00,3.20
2010.08.26 07:25:32.292,1.31325,1.31345,2.40,4.00
2010.08.26 07:25:32.453,1.3132,1.3134,24.00,1.00
2010.08.26 07:25:32.988,1.31325,1.31345,5.60,1.60
2010.08.26 07:25:33.327,1.31325,1.31345,9.60,1.00
2010.08.26 07:25:33.990,1.3133,1.31345,1.00,1.00
2010.08.26 07:25:34.467,1.3133,1.31345,1.60,1.00
2010.08.26 07:25:34.589,1.31335,1.3135,1.00,2.40
2010.08.26 07:25:36.003,1.31335,1.3135,1.00,4.00
