2018.03.12 11:00:00.201,1.16934,1.1694,1.57,1.00
2018.03.12 11:00:00.371,1.16929,1.16942,2.74,2.44
2018.03.12 11:00:00.679,1.16927,1.16938,4.05,1.00
2018.03.12 11:00:01.192,1.16927,1.16937,2.62,1.00
2018.03.12 11:00:01.347,1.16928,1.16939,1.30,1.12
2018.03.12 11:00:01.866,1.16927,1.16938,1.69,1.00
2018.03.12 11:00:02.384,1.16927,1.16938,4.50,1.00
2018.03.12 11:00:02.942,1.16927,1.16937,4.50,1.00
2018.03.12 11:00:03.157,1.16927,1.16935,1.87,1.00
2018.03.12 11:00:03.210,1.16928,1.1694,2.85,1.57
2018.03.12 11:00:03.263,1.1693,1.16943,1.54,3.07
2018.03.12 11:00:03.315,1.16931,1.16943,1.35,1.45
2018.03.12 11:00:03.368,1.16932,1.16945,2.85,1.07
2018.03.12 11:00:03.475,1.16934,1.16946,2.29,1.07
2018.03.12 11:00:03.794,1.16935,1.16948,1.30,2.14
2018.03.12 11:00:04.305,1.16935,1.16948,1.00,2.70
2018.03.12 11:00:04.695,1.16937,1.1695,2.62,2.70
2018.03.12 11:00:04.799,1.16938,1.1695,1.69,1.20
2018.03.12 11:00:05.337,1.16937,1.16949,1.87,1.00
2018.03.12 11:00:05.650,1.16937,1.16945,1.50,1.00
2018.03.12 11:00:05.704,1.16936,1.16948,2.06,1.95
2018.03.12 11:00:06.817,1.16936,1.16949,1.87,1.10
2018.03.12 11:00:07.358,1.16937,1.1695,1.50,1.95
2018.03.12 11:00:07.966,1.16937,1.1695,1.00,1.95
2018.03.12 11:00:08.722,1.16937,1.1695,1.00,2.14
2018.03.12 11:00:11.353,1.16937,1.1695,1.22,1.95
2018.03.12 11:00:11.612,1.16938,1.16951,3.41,1.20
2018.03.12 11:00:13.121,1.16939,1.16952,2.29,1.01
2018.03.12 11:00:13.629,1.16939,1.16952,2.10,1.01
2018.03.12 11:00:21.527,1.16939,1.16952,1.12,1.95
2018.03.12 11:00:22.581,1.16939,1.16953,2.47,6.26
2018.03.12 11:00:23.115,1.1694,1.16952,1.05,1.01
2018.03.12 11:00:24.201,1.16939,1.16951,2.10,1.00
2018.03.12 11:00:24.719,1.16938,1.16951,1.37,1.57
2018.03.12 11:00:25.065,1.16938,1.16949,1.37,1.00
2018.03.12 11:00:25.803,1.16938,1.16949,1.00,1.00
2018.03.12 11:00:28.098,1.16937,1.1695,4.72,1.10
2018.03.12 11:00:28.804,1.16938,1.16951,1.16,1.95
2018.03.12 11:00:30.272,1.16939,1.16951,1.50,1.00
2018.03.12 11:00:30.853,1.16939,1.16952,1.50,1.95
2018.03.12 11:00:31.438,1.16939,1.16952,1.12,2.14
2018.03.12 11:00:31.957,1.16939,1.16952,1.12,1.95
2018.03.12 11:00:32.498,1.16939,1.16951,2.06,1.10
2018.03.12 11:00:33.310,1.16938,1.16951,1.50,1.95
2018.03.12 11:00:33.622,1.16937,1.16949,3.22,1.10
2018.03.12 11:00:34.263,1.16939,1.16951,1.00,2.32
2018.03.12 11:00:34.994,1.16939,1.16951,1.00,1.57
2018.03.12 11:00:35.609,1.16938,1.16951,3.97,1.57
2018.03.12 11:00:38.706,1.16938,1.16951,5.47,1.20
2018.03.12 11:00:39.235,1.16939,1.16951,1.50,1.12
2018.03.12 11:00:40.173,1.16939,1.16952,3.75,1.10
2018.03.12 11:00:40.729,1.16939,1.16952,3.82,1.00
2018.03.12 11:00:42.246,1.16939,1.16952,5.51,1.00
2018.03.12 11:00:49.812,1.16939,1.1695,2.62,1.35
2018.03.12 11:00:49.917,1.16936,1.16947,1.95,1.00
2018.03.12 11:00:51.007,1.16935,1.16947,1.31,4.72
2018.03.12 11:00:51.113,1.16934,1.16947,1.76,8.10
2018.03.12 11:00:51.425,1.16933,1.16943,1.37,1.00
2018.03.12 11:00:51.976,1.16933,1.16943,1.00,1.00
2018.03.12 11:00:55.576,1.16932,1.16943,1.12,1.50
2018.03.12 11:00:55.726,1.16928,1.16942,5.02,5.32
2018.03.12 11:00:55.778,1.16927,1.16939,1.47,1.12
2018.03.12 11:00:56.290,1.16927,1.1694,1.12,2.32
2018.03.12 11:00:57.043,1.16927,1.1694,1.87,1.95
2018.03.12 11:01:01.600,1.16927,1.16941,2.70,1.76
2018.03.12 11:01:06.030,1.16927,1.16941,3.07,1.39
2018.03.12 11:01:06.614,1.16928,1.16941,1.39,1.00
2018.03.12 11:01:10.612,1.16929,1.16941,1.31,1.10
2018.03.12 11:01:11.291,1.16928,1.16941,1.39,1.50
2018.03.12 11:01:11.820,1.16927,1.16941,3.64,3.82
2018.03.12 11:01:16.492,1.16928,1.16941,2.89,1.87
2018.03.12 11:01:20.286,1.16929,1.16941,2.62,1.00
2018.03.12 11:01:21.075,1.1693,1.16942,1.00,3.07
2018.03.12 11:01:22.206,1.16929,1.16942,1.87,3.07
2018.03.12 11:01:24.772,1.16927,1.16939,2.70,1.00
2018.03.12 11:01:25.055,1.16932,1.16944,1.00,1.12
2018.03.12 11:01:25.585,1.16933,1.16944,1.12,1.00
2018.03.12 11:01:26.618,1.16933,1.16945,1.12,1.00
2018.03.12 11:01:35.868,1.16933,1.16946,3.75,1.57
2018.03.12 11:01:39.072,1.16933,1.16946,1.12,1.20
2018.03.12 11:01:39.762,1.16933,1.16946,1.50,1.80
2018.03.12 11:01:48.113,1.16933,1.16945,1.10,1.00
2018.03.12 11:01:54.853,1.16933,1.16945,1.69,1.12
2018.03.12 11:01:55.378,1.16934,1.16946,2.14,1.35
2018.03.12 11:01:56.071,1.16934,1.16946,2.06,1.45
2018.03.12 11:01:58.018,1.16934,1.16947,3.41,1.99
2018.03.12 11:01:59.119,1.16934,1.16947,3.86,2.10
2018.03.12 11:02:00.280,1.16936,1.16948,1.25,1.57
2018.03.12 11:02:07.108,1.16935,1.16947,1.00,3.30
2018.03.12 11:02:07.635,1.16934,1.16947,1.00,7.05
2018.03.12 11:02:08.502,1.16935,1.16947,1.12,4.57
2018.03.12 11:02:09.039,1.16935,1.16947,1.12,1.20
2018.03.12 11:02:12.696,1.16935,1.16947,2.44,1.00
2018.03.12 11:02:13.469,1.16934,1.16947,1.95,3.19
2018.03.12 11:02:13.580,1.16933,1.16946,3.07,1.87
2018.03.12 11:02:13.647,1.16932,1.16945,1.20,3.04
2018.03.12 11:02:14.205,1.16932,1.16945,1.00,2.70
2018.03.12 11:02:15.771,1.16932,1.16945,6.67,1.50
2018.03.12 11:02:20.413,1.16933,1.16945,1.10,1.00
2018.03.12 11:02:26.170,1.16933,1.16945,1.12,1.37
2018.03.12 11:02:27.212,1.16932,1.16945,1.00,3.26
2018.03.12 11:02:27.767,1.16931,1.16944,2.89,1.00
2018.03.12 11:02:28.079,1.16929,1.16942,2.89,3.00
2018.03.12 11:02:28.933,1.16929,1.16942,2.51,1.75
2018.03.12 11:02:29.747,1.1693,1.16942,2.10,1.00
2018.03.12 11:02:29.903,1.16932,1.16945,1.12,2.32
2018.03.12 11:02:32.164,1.16931,1.16943,1.57,1.00
2018.03.12 11:02:32.268,1.16931,1.16941,2.32,1.00
2018.03.12 11:02:32.418,1.16933,1.16945,1.00,1.00
2018.03.12 11:02:32.964,1.16932,1.16945,2.14,1.87
2018.03.12 11:02:33.768,1.16931,1.16944,1.20,3.00
2018.03.12 11:02:33.924,1.16929,1.16942,2.70,1.50
2018.03.12 11:02:35.557,1.16928,1.16935,1.50,1.00
2018.03.12 11:02:35.610,1.16928,1.16937,1.50,1.00
2018.03.12 11:02:35.728,1.16928,1.1694,1.50,1.12
2018.03.12 11:02:35.782,1.16927,1.16932,1.57,1.00
2018.03.12 11:02:35.989,1.16927,1.16938,1.50,1.19
2018.03.12 11:02:36.041,1.16927,1.16938,1.50,1.00
2018.03.12 11:02:36.556,1.16927,1.16937,1.12,1.00
2018.03.12 11:02:38.379,1.16927,1.16938,1.12,1.50
2018.03.12 11:02:40.319,1.16927,1.16937,1.12,1.00
2018.03.12 11:02:40.423,1.16926,1.16935,1.12,1.00
2018.03.12 11:02:40.968,1.16926,1.16937,1.87,4.12
2018.03.12 11:02:41.504,1.16926,1.16938,1.87,4.99
2018.03.12 11:02:42.619,1.16926,1.16938,1.87,2.14
2018.03.12 11:02:43.342,1.16926,1.16938,2.25,1.31
2018.03.12 11:02:54.927,1.16926,1.16938,1.00,1.10
2018.03.12 11:02:55.434,1.16926,1.16937,1.87,1.25
2018.03.12 11:03:00.419,1.16926,1.16936,1.87,1.00
2018.03.12 11:03:11.628,1.16927,1.16938,1.00,1.31
2018.03.12 11:03:12.165,1.16928,1.16939,1.00,3.19
2018.03.12 11:03:12.708,1.16927,1.16939,1.50,3.19
2018.03.12 11:03:13.514,1.16926,1.16939,1.95,3.19
2018.03.12 11:03:14.285,1.16926,1.16937,1.87,1.00
2018.03.12 11:03:33.788,1.16927,1.16939,3.00,1.12
2018.03.12 11:03:34.207,1.16926,1.16938,2.70,1.69
2018.03.12 11:03:34.260,1.16926,1.16936,2.70,1.00
2018.03.12 11:03:37.656,1.16927,1.16936,1.00,1.00
2018.03.12 11:03:39.641,1.16926,1.16938,1.87,2.62
2018.03.12 11:03:40.186,1.16926,1.16938,1.87,3.37
2018.03.12 11:03:41.475,1.16927,1.16938,1.00,1.12
2018.03.12 11:03:45.037,1.16926,1.16938,2.62,2.25
2018.03.12 11:03:45.418,1.16927,1.16936,1.00,1.00
2018.03.12 11:03:45.925,1.16926,1.16936,1.50,1.00
2018.03.12 11:03:47.600,1.16926,1.16938,1.50,1.12
2018.03.12 11:03:48.512,1.16926,1.16938,1.95,2.25
2018.03.12 11:03:49.170,1.16926,1.16938,3.64,1.12
2018.03.12 11:03:49.807,1.16926,1.16938,2.70,2.44
2018.03.12 11:03:51.761,1.16927,1.16938,1.00,1.50
2018.03.12 11:03:54.429,1.16927,1.16939,2.81,1.87
2018.03.12 11:03:54.950,1.16928,1.1694,1.39,1.87
2018.03.12 11:03:55.488,1.16929,1.16941,3.49,1.50
2018.03.12 11:03:56.391,1.16929,1.16941,1.50,1.50
2018.03.12 11:03:57.076,1.16929,1.1694,1.00,1.12
2018.03.12 11:04:00.186,1.16929,1.1694,1.00,1.75
2018.03.12 11:04:00.290,1.16921,1.16931,1.20,1.87
2018.03.12 11:04:00.343,1.16918,1.16929,1.95,1.50
2018.03.12 11:04:01.115,1.16917,1.16929,1.20,1.50
2018.03.12 11:04:01.868,1.16917,1.1693,1.76,1.50
2018.03.12 11:04:02.209,1.16916,1.16928,1.50,1.00
2018.03.12 11:04:02.823,1.16916,1.1693,3.26,2.14
2018.03.12 11:04:03.348,1.16916,1.1693,3.26,1.95
2018.03.12 11:04:04.056,1.16918,1.1693,1.00,1.95
2018.03.12 11:04:07.339,1.16917,1.1693,1.12,1.57
2018.03.12 11:04:07.651,1.16915,1.16929,2.70,2.14
2018.03.12 11:04:08.255,1.16916,1.16928,1.12,1.50
2018.03.12 11:04:09.141,1.16917,1.16928,1.00,1.50
2018.03.12 11:04:10.761,1.16918,1.16929,1.00,1.87
2018.03.12 11:04:11.118,1.16915,1.16929,1.95,1.50
2018.03.12 11:04:11.630,1.16917,1.16928,1.00,1.87
2018.03.12 11:04:11.733,1.16918,1.1693,1.00,1.95
2018.03.12 11:04:13.252,1.1692,1.16931,1.00,1.95
2018.03.12 11:04:13.760,1.16919,1.16932,4.61,1.37
2018.03.12 11:04:13.915,1.16919,1.16933,5.14,1.87
2018.03.12 11:04:15.217,1.16919,1.16933,3.07,2.25
2018.03.12 11:04:17.192,1.16919,1.16932,2.70,1.50
2018.03.12 11:04:17.631,1.16919,1.16932,1.95,5.25
2018.03.12 11:04:17.942,1.16921,1.16932,1.00,1.50
2018.03.12 11:04:17.994,1.16921,1.16933,1.00,1.00
2018.03.12 11:04:18.532,1.1692,1.16933,2.70,1.37
2018.03.12 11:04:19.077,1.1692,1.16932,1.20,1.00
2018.03.12 11:04:19.215,1.1692,1.16931,1.20,1.50
2018.03.12 11:04:19.794,1.16919,1.16931,1.95,1.50
2018.03.12 11:04:28.322,1.16919,1.16931,3.82,1.50
2018.03.12 11:04:29.239,1.1692,1.16932,1.87,3.37
2018.03.12 11:04:34.411,1.16919,1.16931,1.20,1.50
2018.03.12 11:04:35.010,1.16919,1.16931,1.12,4.31
2018.03.12 11:04:35.409,1.16917,1.1693,1.95,4.50
2018.03.12 11:04:38.183,1.16917,1.1693,1.57,3.75
2018.03.12 11:04:38.706,1.16917,1.16928,1.57,1.50
2018.03.12 11:04:44.233,1.16918,1.1693,1.12,3.37
2018.03.12 11:04:44.883,1.16919,1.16931,1.35,1.37
2018.03.12 11:04:45.418,1.16919,1.16932,4.31,4.20
2018.03.12 11:04:45.815,1.1692,1.16932,1.50,1.00
2018.03.12 11:04:46.547,1.16921,1.16933,1.00,2.70
2018.03.12 11:04:47.757,1.1692,1.16933,2.44,2.70
2018.03.12 11:04:56.253,1.1692,1.16933,2.44,2.32
2018.03.12 11:04:56.774,1.1692,1.16933,2.44,2.70
2018.03.12 11:04:57.284,1.1692,1.16933,1.00,6.11
2018.03.12 11:04:57.836,1.16919,1.16931,1.12,1.00
2018.03.12 11:04:58.322,1.16917,1.1693,3.07,1.00
2018.03.12 11:04:58.505,1.16919,1.16931,1.00,3.07
2018.03.12 11:05:01.382,1.16919,1.16931,2.06,1.87
2018.03.12 11:05:03.986,1.16918,1.1693,1.95,1.00
2018.03.12 11:05:04.769,1.16918,1.16929,1.00,1.00
2018.03.12 11:05:09.613,1.16918,1.1693,1.87,1.57
2018.03.12 11:05:11.376,1.16918,1.1693,2.44,1.87
2018.03.12 11:05:16.426,1.16918,1.1693,1.50,3.75
2018.03.12 11:05:21.234,1.16918,1.16929,1.00,1.50
2018.03.12 11:05:24.924,1.16918,1.1693,2.62,2.47
2018.03.12 11:05:36.846,1.16917,1.1693,4.50,2.51
2018.03.12 11:05:37.373,1.16918,1.1693,1.31,1.12
2018.03.12 11:05:47.520,1.16917,1.16929,2.25,1.00
2018.03.12 11:05:48.121,1.16917,1.16929,1.50,1.00
2018.03.12 11:06:00.231,1.16916,1.16927,2.32,1.00
2018.03.12 11:06:00.543,1.16915,1.16922,1.50,1.37
2018.03.12 11:06:00.648,1.16915,1.16924,1.50,1.37
2018.03.12 11:06:00.953,1.16914,1.16925,3.22,1.12
2018.03.12 11:06:01.490,1.16914,1.16925,2.85,1.12
2018.03.12 11:06:04.163,1.16916,1.16927,1.25,2.25
2018.03.12 11:06:04.666,1.16916,1.16927,1.87,1.00
2018.03.12 11:06:13.136,1.16916,1.16929,3.00,2.51
2018.03.12 11:06:13.751,1.16916,1.16927,2.25,1.00
2018.03.12 11:06:16.764,1.16916,1.16929,2.70,1.12
2018.03.12 11:06:17.330,1.16917,1.16929,2.62,1.00
2018.03.12 11:06:18.645,1.16916,1.16929,2.32,2.06
2018.03.12 11:06:19.752,1.16916,1.16929,2.32,2.06
2018.03.12 11:06:22.370,1.16916,1.16929,2.32,1.12
2018.03.12 11:06:23.410,1.16917,1.16929,1.00,2.06
2018.03.12 11:06:35.128,1.16917,1.1693,2.32,1.25
2018.03.12 11:06:35.696,1.16917,1.1693,1.10,3.19
2018.03.12 11:06:36.681,1.16917,1.1693,1.57,1.25
2018.03.12 11:06:43.436,1.16917,1.1693,1.20,3.00
2018.03.12 11:06:43.950,1.16916,1.16929,1.95,1.50
2018.03.12 11:06:44.358,1.16918,1.1693,1.00,1.20
2018.03.12 11:06:46.350,1.16917,1.1693,1.05,1.00
2018.03.12 11:06:48.516,1.16918,1.1693,1.00,1.00
2018.03.12 11:06:49.044,1.16918,1.16929,1.00,1.00
2018.03.12 11:06:54.784,1.16918,1.1693,1.72,1.12
2018.03.12 11:06:55.326,1.16917,1.16929,1.10,2.62
2018.03.12 11:06:55.858,1.16918,1.16929,1.00,2.62
2018.03.12 11:06:57.478,1.16918,1.16929,1.00,1.12
2018.03.12 11:07:04.980,1.16918,1.1693,1.00,1.87
2018.03.12 11:07:06.423,1.16918,1.1693,6.26,1.00
2018.03.12 11:07:08.532,1.16919,1.16931,3.07,1.12
2018.03.12 11:07:09.501,1.16919,1.16932,4.95,1.87
2018.03.12 11:07:12.720,1.16921,1.16932,1.25,1.87
2018.03.12 11:07:13.263,1.16922,1.16933,1.00,1.00
2018.03.12 11:07:13.740,1.16924,1.16935,1.00,4.50
2018.03.12 11:07:14.582,1.16924,1.16935,1.00,1.12
2018.03.12 11:07:22.279,1.16924,1.16935,1.00,2.25
2018.03.12 11:07:22.537,1.16921,1.16934,2.14,1.00
2018.03.12 11:07:23.056,1.16921,1.16934,2.32,2.25
2018.03.12 11:07:30.055,1.16921,1.16933,2.36,1.00
2018.03.12 11:07:33.789,1.16923,1.16935,1.00,4.87
2018.03.12 11:07:36.182,1.16922,1.16935,1.57,6.22
2018.03.12 11:07:36.727,1.16921,1.16932,1.00,2.47
2018.03.12 11:07:37.177,1.1692,1.1693,1.00,1.12
2018.03.12 11:07:37.435,1.16918,1.1693,1.72,2.81
2018.03.12 11:07:38.031,1.16919,1.1693,1.35,1.50
2018.03.12 11:07:38.529,1.16919,1.16931,3.52,1.00
2018.03.12 11:07:39.126,1.1692,1.1693,1.00,3.00
2018.03.12 11:07:39.180,1.16915,1.16926,1.20,2.85
2018.03.12 11:07:39.837,1.16915,1.16926,1.12,1.00
2018.03.12 11:07:44.335,1.16916,1.16927,1.50,1.50
2018.03.12 11:07:44.388,1.16916,1.16929,1.87,1.10
2018.03.12 11:07:44.911,1.16916,1.16929,2.77,1.13
2018.03.12 11:07:52.659,1.16918,1.1693,1.00,3.45
2018.03.12 11:07:53.798,1.16917,1.16929,1.76,1.00
2018.03.12 11:07:54.317,1.16918,1.16929,1.00,1.25
2018.03.12 11:07:56.356,1.16918,1.1693,2.44,1.37
2018.03.12 11:07:56.890,1.16918,1.16931,2.81,1.50
2018.03.12 11:07:57.393,1.16918,1.16931,1.80,3.08
2018.03.12 11:08:03.111,1.16917,1.1693,1.84,1.44
2018.03.12 11:08:03.867,1.16917,1.1693,2.51,1.95
2018.03.12 11:08:06.040,1.16917,1.1693,1.39,3.08
2018.03.12 11:08:13.223,1.16916,1.16929,2.59,1.88
2018.03.12 11:08:13.738,1.16916,1.16928,1.95,2.63
2018.03.12 11:08:17.799,1.16914,1.16926,4.31,1.00
2018.03.12 11:08:18.341,1.16916,1.16927,1.00,1.31
2018.03.12 11:08:24.747,1.16917,1.16927,1.25,1.00
2018.03.12 11:08:25.262,1.16917,1.16928,1.00,1.25
2018.03.12 11:08:25.772,1.16916,1.16928,2.06,1.88
2018.03.12 11:08:26.771,1.16917,1.16928,1.00,1.25
2018.03.12 11:08:27.547,1.16916,1.16928,1.87,1.88
2018.03.12 11:08:28.078,1.16917,1.16928,1.00,1.25
2018.03.12 11:08:30.980,1.16916,1.16928,1.20,1.50
2018.03.12 11:08:31.488,1.16916,1.16928,1.12,1.88
2018.03.12 11:08:31.991,1.16917,1.16928,1.00,1.25
2018.03.12 11:08:39.550,1.16916,1.16928,2.70,1.25
2018.03.12 11:08:40.947,1.16916,1.16927,2.25,1.00
2018.03.12 11:08:41.448,1.16916,1.16928,2.44,2.66
2018.03.12 11:08:44.829,1.16916,1.16925,1.12,1.13
2018.03.12 11:08:44.933,1.16916,1.16927,1.12,1.91
2018.03.12 11:08:45.176,1.16915,1.16925,1.57,1.54
2018.03.12 11:08:45.695,1.16915,1.16926,1.50,2.47
2018.03.12 11:08:47.289,1.16916,1.16926,1.00,1.12
2018.03.12 11:08:48.074,1.16915,1.16926,2.32,1.12
2018.03.12 11:08:54.610,1.16915,1.16925,1.00,1.00
2018.03.12 11:08:54.880,1.16916,1.16927,1.69,1.50
2018.03.12 11:08:55.389,1.16917,1.16927,1.00,1.00
2018.03.12 11:08:55.905,1.16916,1.16928,2.14,3.56
2018.03.12 11:08:57.947,1.16916,1.16928,2.14,3.45
2018.03.12 11:08:59.003,1.16917,1.16928,1.50,1.57
2018.03.12 11:08:59.917,1.16918,1.16929,1.37,3.08
2018.03.12 11:09:00.020,1.16918,1.16929,1.37,2.70
2018.03.12 11:09:00.310,1.16917,1.16928,1.87,2.81
2018.03.12 11:09:00.848,1.16917,1.16928,1.87,2.06
2018.03.12 11:09:02.338,1.16916,1.16928,3.00,2.81
2018.03.12 11:09:03.386,1.16916,1.16928,3.37,1.88
2018.03.12 11:09:12.270,1.16917,1.16928,1.37,1.58
2018.03.12 11:09:12.810,1.16916,1.16925,1.12,1.58
2018.03.12 11:09:12.915,1.16916,1.16927,1.87,1.50
2018.03.12 11:09:13.471,1.16917,1.16927,1.50,1.00
2018.03.12 11:09:13.769,1.16918,1.16929,1.31,2.17
2018.03.12 11:09:14.309,1.16917,1.16929,3.75,1.88
2018.03.12 11:09:15.648,1.16917,1.1693,4.87,4.80
2018.03.12 11:09:18.410,1.16918,1.1693,3.19,3.08
2018.03.12 11:09:19.830,1.16919,1.1693,1.00,1.58
2018.03.12 11:09:21.548,1.16918,1.16929,3.75,1.44
2018.03.12 11:09:22.518,1.16918,1.16929,1.00,2.44
2018.03.12 11:09:23.909,1.16918,1.16929,1.00,2.81
2018.03.12 11:09:33.655,1.16917,1.16929,1.87,3.19
2018.03.12 11:09:37.473,1.16917,1.16927,1.50,1.35
2018.03.12 11:09:46.832,1.16917,1.16929,3.75,3.41
2018.03.12 11:09:48.374,1.16917,1.16928,1.50,1.88
2018.03.12 11:10:04.335,1.16916,1.16926,1.37,1.00
2018.03.12 11:10:04.875,1.16915,1.16925,4.87,1.00
2018.03.12 11:10:06.122,1.16915,1.16924,3.00,1.00
2018.03.12 11:10:06.662,1.16915,1.16925,1.87,2.10
2018.03.12 11:10:12.044,1.16915,1.16924,1.37,1.00
2018.03.12 11:10:13.871,1.16915,1.16926,1.87,4.16
2018.03.12 11:10:16.539,1.16915,1.16925,5.81,1.25
2018.03.12 11:10:16.591,1.16915,1.16923,2.62,1.00
2018.03.12 11:10:16.695,1.16914,1.16922,1.12,1.00
2018.03.12 11:10:16.895,1.16914,1.16924,4.12,1.00
2018.03.12 11:10:17.431,1.16914,1.16925,4.12,2.25
2018.03.12 11:10:17.880,1.16915,1.16925,2.25,1.50
2018.03.12 11:10:19.420,1.16916,1.16926,1.72,1.25
2018.03.12 11:10:20.627,1.16916,1.16925,1.72,1.00
2018.03.12 11:10:21.017,1.16916,1.16927,1.72,2.06
2018.03.12 11:10:22.760,1.16917,1.16929,1.12,4.01
2018.03.12 11:10:23.687,1.16916,1.16928,3.97,1.50
2018.03.12 11:10:24.218,1.16916,1.16929,3.97,6.30
2018.03.12 11:10:27.560,1.16916,1.16927,2.47,1.00
2018.03.12 11:10:28.076,1.16916,1.16926,1.72,1.13
2018.03.12 11:10:29.148,1.16916,1.16926,1.50,2.29
2018.03.12 11:10:30.385,1.16916,1.16926,1.50,2.29
2018.03.12 11:10:31.416,1.16916,1.16927,1.87,2.29
2018.03.12 11:10:31.957,1.16916,1.16926,1.87,1.00
2018.03.12 11:10:32.469,1.16916,1.16927,4.35,1.00
2018.03.12 11:10:32.709,1.16916,1.16925,3.00,1.00
2018.03.12 11:10:32.761,1.16916,1.16927,3.00,1.00
2018.03.12 11:10:40.209,1.16917,1.16927,1.50,1.00
2018.03.12 11:11:02.639,1.16916,1.16925,1.87,2.29
2018.03.12 11:11:03.292,1.16915,1.16925,1.87,2.06
2018.03.12 11:11:05.816,1.16916,1.16925,2.29,1.00
2018.03.12 11:11:05.919,1.16917,1.16927,1.50,1.12
2018.03.12 11:11:20.917,1.16916,1.16925,2.85,1.00
2018.03.12 11:11:30.293,1.16916,1.16925,1.35,1.00
2018.03.12 11:11:31.380,1.16915,1.16926,3.79,1.00
2018.03.12 11:11:31.927,1.16916,1.16925,1.35,1.00
2018.03.12 11:11:38.488,1.16915,1.16925,1.12,1.50
2018.03.12 11:11:45.570,1.16914,1.16925,2.47,1.87
2018.03.12 11:11:48.782,1.16915,1.16925,1.50,1.50
2018.03.12 11:11:49.245,1.16914,1.16924,3.00,2.25
2018.03.12 11:11:49.297,1.16914,1.16922,1.50,1.00
2018.03.12 11:11:50.150,1.16914,1.16923,1.87,1.00
2018.03.12 11:11:50.655,1.16914,1.16923,1.69,1.00
2018.03.12 11:11:51.411,1.16915,1.16923,1.50,1.00
2018.03.12 11:11:51.574,1.16915,1.16925,2.25,1.12
2018.03.12 11:11:52.410,1.16916,1.16925,3.37,1.00
2018.03.12 11:11:54.606,1.16923,1.16927,1.00,1.12
2018.03.12 11:11:54.712,1.16923,1.16929,4.12,1.00
2018.03.12 11:11:54.766,1.16919,1.16929,2.25,1.00
2018.03.12 11:11:54.821,1.16917,1.16929,4.57,1.50
2018.03.12 11:11:54.965,1.16917,1.16927,1.50,1.00
2018.03.12 11:11:55.619,1.16917,1.16925,1.50,1.00
2018.03.12 11:12:02.092,1.16916,1.16925,3.75,1.00
2018.03.12 11:12:06.587,1.16916,1.16927,3.75,1.00
2018.03.12 11:12:07.533,1.16916,1.16925,1.87,1.00
2018.03.12 11:12:08.014,1.16916,1.16927,1.87,2.10
2018.03.12 11:12:08.530,1.16915,1.16927,1.37,2.62
2018.03.12 11:12:09.536,1.16915,1.16927,1.12,3.97
2018.03.12 11:12:10.600,1.16913,1.16925,1.39,1.12
2018.03.12 11:12:11.080,1.16913,1.16925,1.00,1.12
2018.03.12 11:12:11.596,1.16911,1.16925,3.64,5.51
2018.03.12 11:12:13.450,1.16911,1.16923,1.76,1.00
2018.03.12 11:12:16.448,1.16911,1.16923,1.00,1.00
2018.03.12 11:12:16.979,1.16909,1.16922,4.01,1.25
2018.03.12 11:12:17.537,1.1691,1.16922,1.00,1.00
2018.03.12 11:12:17.872,1.16907,1.1692,1.20,2.81
2018.03.12 11:12:18.079,1.16905,1.16918,2.51,1.00
2018.03.12 11:12:19.375,1.16905,1.16918,1.00,3.45
2018.03.12 11:12:21.272,1.16904,1.16917,3.26,1.37
2018.03.12 11:12:21.853,1.16904,1.16916,1.00,1.20
2018.03.12 11:12:22.382,1.16903,1.16915,1.62,1.00
2018.03.12 11:12:23.966,1.16903,1.16915,1.37,1.87
2018.03.12 11:12:25.961,1.16902,1.16915,1.50,3.26
2018.03.12 11:12:28.375,1.169,1.16914,3.64,3.82
2018.03.12 11:12:28.918,1.16901,1.16914,1.25,4.20
2018.03.12 11:12:29.515,1.16901,1.16913,1.00,1.57
2018.03.12 11:12:34.259,1.169,1.16912,1.00,1.31
2018.03.12 11:12:34.313,1.16898,1.1691,1.07,1.87
2018.03.12 11:12:34.863,1.16897,1.16909,1.50,1.45
2018.03.12 11:12:35.471,1.16897,1.1691,1.00,1.95
2018.03.12 11:12:37.600,1.16895,1.16909,1.69,4.01
2018.03.12 11:12:38.393,1.16895,1.16908,1.25,1.10
2018.03.12 11:12:40.260,1.16896,1.16908,1.00,1.01
2018.03.12 11:12:40.630,1.16898,1.16912,2.51,1.39
2018.03.12 11:12:41.469,1.16899,1.16912,1.00,1.20
2018.03.12 11:12:55.015,1.16899,1.16911,1.12,1.45
2018.03.12 11:12:58.030,1.16899,1.16911,1.12,1.50
2018.03.12 11:13:01.594,1.16899,1.16911,1.37,1.00
2018.03.12 11:13:20.284,1.16899,1.16911,2.47,1.00
2018.03.12 11:13:20.736,1.16901,1.16913,1.12,1.57
2018.03.12 11:13:21.445,1.16901,1.16913,2.06,1.00
2018.03.12 11:13:25.099,1.16901,1.16913,2.06,1.00
2018.03.12 11:13:26.187,1.16901,1.16913,1.00,1.00
2018.03.12 11:13:26.518,1.16895,1.16907,1.00,1.25
2018.03.12 11:13:32.211,1.16894,1.16907,1.37,2.32
2018.03.12 11:13:33.522,1.16893,1.16907,3.64,2.70
2018.03.12 11:13:44.966,1.16894,1.16907,1.62,1.95
2018.03.12 11:13:45.489,1.16894,1.16905,1.69,1.00
2018.03.12 11:13:46.028,1.16894,1.16905,1.31,1.00
2018.03.12 11:13:46.552,1.16894,1.16905,1.50,1.00
2018.03.12 11:13:47.700,1.16893,1.16905,1.37,1.25
2018.03.12 11:13:47.853,1.16891,1.16904,1.25,2.51
2018.03.12 11:13:51.635,1.16891,1.16902,1.25,1.00
2018.03.12 11:13:58.433,1.1689,1.16902,6.64,1.00
2018.03.12 11:13:59.267,1.16891,1.16904,1.39,1.12
2018.03.12 11:13:59.768,1.16893,1.16906,4.69,1.57
2018.03.12 11:14:00.304,1.16894,1.16906,1.00,1.50
2018.03.12 11:14:00.862,1.16894,1.16906,1.37,1.12
2018.03.12 11:14:02.604,1.16895,1.16908,1.50,1.57
2018.03.12 11:14:03.150,1.16895,1.16908,1.57,1.37
2018.03.12 11:14:04.794,1.16897,1.16909,1.00,2.32
2018.03.12 11:14:06.843,1.16895,1.16908,1.39,1.25
2018.03.12 11:14:08.903,1.16895,1.16909,1.95,4.39
2018.03.12 11:14:09.462,1.16897,1.16909,1.00,2.51
2018.03.12 11:14:14.432,1.16897,1.16909,1.00,1.00
2018.03.12 11:14:14.540,1.16901,1.16912,1.50,1.57
2018.03.12 11:14:14.729,1.16903,1.16914,1.00,1.00
2018.03.12 11:14:25.109,1.16903,1.16915,3.22,1.87
2018.03.12 11:14:25.625,1.16903,1.16915,1.57,1.87
2018.03.12 11:14:35.393,1.16905,1.16916,1.00,1.00
2018.03.12 11:14:35.618,1.16906,1.1692,2.32,4.95
2018.03.12 11:14:35.670,1.16908,1.1692,1.00,3.45
2018.03.12 11:14:36.233,1.16906,1.1692,2.62,4.20
2018.03.12 11:14:36.850,1.16906,1.16919,2.62,1.10
2018.03.12 11:14:41.084,1.16906,1.16919,1.57,1.69
2018.03.12 11:14:42.882,1.16906,1.16918,1.12,1.50
2018.03.12 11:14:44.038,1.16905,1.16917,1.00,1.00
2018.03.12 11:14:48.873,1.16905,1.16917,1.00,1.50
2018.03.12 11:14:49.489,1.16905,1.16917,1.00,1.50
2018.03.12 11:14:50.008,1.16905,1.16917,1.00,2.25
2018.03.12 11:15:16.660,1.16905,1.16916,1.00,5.85
2018.03.12 11:15:31.186,1.16903,1.16915,1.00,2.62
2018.03.12 11:15:31.770,1.16904,1.16915,1.00,1.00
2018.03.12 11:15:32.309,1.16903,1.16915,1.00,3.04
2018.03.12 11:15:33.730,1.16901,1.16913,1.10,1.00
2018.03.12 11:15:39.901,1.16903,1.16913,1.00,1.00
2018.03.12 11:15:40.973,1.16903,1.16915,1.00,1.50
2018.03.12 11:15:51.040,1.16903,1.16915,1.10,1.00
2018.03.12 11:15:54.467,1.16905,1.16916,1.00,1.50
2018.03.12 11:15:54.521,1.16906,1.16917,1.00,1.00
2018.03.12 11:15:55.022,1.16905,1.16917,1.10,1.00
2018.03.12 11:16:01.239,1.16907,1.16918,1.00,1.50
2018.03.12 11:16:01.917,1.16907,1.16919,1.50,1.50
2018.03.12 11:16:02.487,1.1691,1.16921,1.50,1.95
2018.03.12 11:16:02.783,1.16911,1.16924,1.57,1.69
2018.03.12 11:16:04.369,1.1692,1.16926,1.00,1.95
2018.03.12 11:16:04.421,1.16917,1.16926,1.25,1.37
2018.03.12 11:16:04.684,1.16914,1.16927,5.32,1.50
2018.03.12 11:16:05.354,1.16913,1.16927,1.76,2.44
2018.03.12 11:16:05.942,1.16913,1.16926,1.07,1.69
2018.03.12 11:16:06.463,1.16912,1.16925,1.57,1.00
2018.03.12 11:16:07.019,1.16912,1.16925,1.10,1.50
2018.03.12 11:16:08.219,1.16911,1.16925,4.01,1.37
2018.03.12 11:16:08.756,1.16912,1.16926,2.32,1.50
2018.03.12 11:16:09.023,1.16911,1.16924,1.20,2.62
2018.03.12 11:16:09.077,1.1691,1.16923,1.57,1.00
2018.03.12 11:16:11.289,1.16911,1.16924,1.20,1.50
2018.03.12 11:16:12.187,1.16911,1.16924,1.57,1.00
2018.03.12 11:16:13.109,1.16912,1.16925,2.55,1.00
2018.03.12 11:16:13.500,1.16914,1.16928,1.57,1.76
2018.03.12 11:16:14.012,1.16915,1.16928,1.50,1.10
2018.03.12 11:16:14.600,1.16915,1.16929,2.14,2.14
2018.03.12 11:16:23.207,1.16916,1.16929,1.01,1.37
2018.03.12 11:16:23.992,1.16917,1.1693,1.39,2.25
2018.03.12 11:16:24.523,1.16917,1.1693,1.57,1.87
2018.03.12 11:16:24.861,1.16921,1.16934,1.32,2.25
2018.03.12 11:16:25.378,1.16921,1.16935,2.51,1.50
2018.03.12 11:16:26.930,1.16922,1.16937,3.07,2.32
2018.03.12 11:16:27.436,1.16923,1.16936,1.39,1.00
2018.03.12 11:16:30.139,1.16924,1.16937,1.95,1.00
2018.03.12 11:16:30.689,1.16924,1.16937,2.32,1.00
2018.03.12 11:16:33.948,1.16922,1.16936,1.82,2.62
2018.03.12 11:16:34.001,1.1692,1.16934,1.57,2.62
2018.03.12 11:16:34.105,1.16919,1.16933,2.32,3.19
2018.03.12 11:16:35.062,1.16919,1.16933,1.47,4.95
2018.03.12 11:16:35.636,1.16918,1.16932,3.64,1.69
2018.03.12 11:16:37.615,1.16919,1.16932,1.01,1.37
2018.03.12 11:16:39.166,1.1692,1.16933,1.95,1.50
2018.03.12 11:16:39.680,1.1692,1.16933,1.01,1.50
2018.03.12 11:16:40.288,1.1692,1.16933,1.01,1.37
2018.03.12 11:16:41.037,1.16921,1.16934,1.00,1.76
2018.03.12 11:16:41.327,1.16921,1.16933,1.00,1.19
2018.03.12 11:16:41.982,1.16921,1.16933,1.00,1.25
2018.03.12 11:16:42.717,1.16921,1.16934,1.00,1.57
2018.03.12 11:16:43.233,1.16921,1.16935,1.69,3.26
2018.03.12 11:16:45.014,1.16921,1.16934,1.25,1.20
2018.03.12 11:16:45.731,1.16921,1.16934,1.00,2.14
2018.03.12 11:16:46.371,1.16921,1.16933,1.00,1.62
2018.03.12 11:16:47.236,1.1692,1.16933,1.20,2.06
2018.03.12 11:16:49.532,1.1692,1.16933,1.00,2.89
2018.03.12 11:16:50.038,1.16919,1.16931,1.00,1.31
2018.03.12 11:16:56.288,1.16919,1.16931,1.00,2.81
2018.03.12 11:16:56.799,1.16918,1.16931,1.12,3.64
2018.03.12 11:17:01.836,1.16918,1.16931,2.62,1.10
2018.03.12 11:17:02.142,1.1692,1.16931,1.12,1.00
2018.03.12 11:17:04.202,1.1692,1.16933,3.04,1.76
2018.03.12 11:17:04.834,1.1692,1.16933,3.41,1.76
2018.03.12 11:17:05.675,1.1692,1.16932,3.22,1.00
2018.03.12 11:17:08.491,1.1692,1.16933,3.22,2.51
2018.03.12 11:17:09.267,1.16921,1.16933,1.00,2.44
2018.03.12 11:17:10.218,1.16921,1.16932,1.00,1.00
2018.03.12 11:17:10.529,1.1692,1.16929,1.00,1.00
2018.03.12 11:17:11.084,1.16918,1.16929,1.10,1.87
2018.03.12 11:17:11.873,1.16918,1.16928,1.00,1.00
2018.03.12 11:17:22.471,1.16916,1.16927,1.20,1.00
2018.03.12 11:17:22.629,1.16914,1.16925,1.00,1.00
2018.03.12 11:17:23.161,1.16914,1.16926,1.00,2.51
2018.03.12 11:17:24.806,1.16914,1.16925,1.00,1.00
2018.03.12 11:17:25.405,1.16914,1.16924,1.00,1.00
2018.03.12 11:17:32.716,1.16912,1.16924,1.95,1.50
2018.03.12 11:17:37.112,1.16912,1.16923,1.87,1.00
2018.03.12 11:17:38.687,1.16912,1.16921,1.00,1.00
2018.03.12 11:17:39.221,1.16911,1.16921,1.00,1.00
2018.03.12 11:17:39.733,1.16911,1.1692,1.00,1.00
2018.03.12 11:17:41.025,1.16911,1.16921,1.00,1.00
2018.03.12 11:17:41.130,1.16908,1.16921,2.14,2.25
2018.03.12 11:17:42.324,1.16908,1.1692,1.12,2.25
2018.03.12 11:17:43.873,1.16908,1.1692,1.00,2.62
2018.03.12 11:17:44.550,1.16908,1.1692,1.00,2.62
2018.03.12 11:17:44.936,1.16912,1.16921,1.00,1.47
2018.03.12 11:17:44.989,1.1691,1.16922,2.06,1.95
2018.03.12 11:17:45.145,1.1691,1.16923,3.82,2.25
2018.03.12 11:17:45.968,1.16912,1.16923,1.50,1.50
2018.03.12 11:17:46.021,1.16914,1.16926,1.12,3.07
2018.03.12 11:17:46.558,1.16914,1.16926,2.51,1.50
2018.03.12 11:17:47.822,1.16915,1.16927,1.25,1.12
2018.03.12 11:17:48.357,1.16916,1.16927,1.00,1.50
2018.03.12 11:17:56.567,1.16914,1.16927,4.76,1.50
2018.03.12 11:18:01.866,1.16915,1.16927,1.62,1.50
2018.03.12 11:18:02.367,1.16916,1.16927,1.00,1.50
2018.03.12 11:18:02.574,1.16914,1.16925,1.20,1.12
2018.03.12 11:18:02.856,1.16912,1.16923,1.95,1.00
2018.03.12 11:18:03.442,1.16912,1.16922,1.37,1.00
2018.03.12 11:18:04.057,1.16912,1.16922,1.00,1.00
2018.03.12 11:18:04.388,1.16914,1.16925,1.00,1.12
2018.03.12 11:18:04.491,1.16914,1.16927,3.75,1.95
2018.03.12 11:18:05.114,1.16915,1.16927,1.50,1.50
2018.03.12 11:18:05.767,1.16916,1.16927,1.37,1.12
2018.03.12 11:18:06.621,1.16916,1.16927,1.00,1.12
2018.03.12 11:18:07.329,1.16916,1.16927,1.37,1.12
2018.03.12 11:18:08.163,1.16916,1.16929,1.37,3.45
2018.03.12 11:18:10.159,1.16916,1.16929,1.00,2.70
2018.03.12 11:18:10.628,1.16913,1.16926,2.70,1.00
2018.03.12 11:18:10.924,1.16913,1.16925,1.10,1.12
2018.03.12 11:18:24.236,1.16913,1.16925,1.95,1.12
2018.03.12 11:18:24.287,1.16915,1.16927,1.12,1.01
2018.03.12 11:18:24.827,1.16916,1.16929,1.50,2.51
2018.03.12 11:18:25.710,1.16916,1.16929,1.37,1.76
2018.03.12 11:18:32.340,1.16916,1.16929,1.00,2.14
2018.03.12 11:18:32.597,1.16914,1.16927,1.95,1.00
2018.03.12 11:18:33.573,1.16914,1.16927,1.12,1.29
2018.03.12 11:18:39.995,1.16913,1.16926,1.47,1.37
2018.03.12 11:18:41.261,1.16913,1.16926,1.57,1.25
2018.03.12 11:18:43.151,1.16913,1.16926,1.20,2.29
2018.03.12 11:18:51.909,1.16913,1.16926,3.26,1.00
2018.03.12 11:18:57.989,1.16916,1.16926,1.00,1.00
2018.03.12 11:18:58.298,1.16927,1.16937,1.12,2.81
2018.03.12 11:18:58.846,1.16927,1.16937,1.50,1.69
2018.03.12 11:18:59.570,1.16925,1.16934,1.12,1.00
2018.03.12 11:18:59.674,1.16922,1.16934,1.50,1.87
2018.03.12 11:19:00.688,1.16922,1.16935,1.00,1.95
2018.03.12 11:19:04.158,1.16922,1.16934,1.00,1.12
2018.03.12 11:19:04.432,1.1692,1.16933,1.20,2.06
2018.03.12 11:19:05.026,1.1692,1.16933,1.00,1.57
2018.03.12 11:19:06.785,1.16918,1.16932,2.70,1.95
2018.03.12 11:19:07.327,1.16918,1.16931,2.70,1.00
2018.03.12 11:19:26.172,1.16918,1.16931,1.95,1.19
2018.03.12 11:19:27.031,1.16918,1.16931,1.95,1.69
2018.03.12 11:19:27.613,1.16918,1.16931,1.95,2.25
2018.03.12 11:19:28.382,1.16918,1.16931,1.57,2.25
2018.03.12 11:19:29.226,1.16918,1.1693,1.57,1.37
2018.03.12 11:19:29.281,1.16915,1.16929,2.70,3.64
2018.03.12 11:19:29.333,1.16915,1.16925,2.32,1.25
2018.03.12 11:19:29.437,1.16914,1.16928,5.32,3.94
2018.03.12 11:19:30.249,1.16916,1.16929,1.00,2.89
2018.03.12 11:19:30.458,1.16913,1.16924,1.45,2.06
2018.03.12 11:19:30.567,1.1691,1.16922,1.20,1.37
2018.03.12 11:19:30.804,1.1691,1.16923,1.50,1.76
2018.03.12 11:19:31.636,1.1691,1.16923,1.12,1.01
2018.03.12 11:19:34.467,1.1691,1.16923,1.12,4.01
2018.03.12 11:19:34.571,1.16908,1.16921,1.20,2.62
2018.03.12 11:19:34.778,1.16906,1.1692,1.95,4.01
2018.03.12 11:19:35.082,1.16905,1.16918,1.10,2.06
2018.03.12 11:19:35.337,1.16903,1.16917,3.26,1.62
2018.03.12 11:19:38.471,1.16902,1.16915,2.51,1.00
2018.03.12 11:19:39.787,1.16904,1.16915,1.00,1.00
2018.03.12 11:19:40.102,1.16898,1.16912,1.57,1.50
2018.03.12 11:19:40.207,1.16896,1.1691,1.85,2.89
2018.03.12 11:19:40.311,1.16896,1.16909,1.20,1.00
2018.03.12 11:19:41.440,1.16895,1.16908,1.01,1.00
2018.03.12 11:19:42.766,1.16895,1.16909,1.47,1.95
2018.03.12 11:19:44.797,1.16896,1.16911,2.32,2.89
2018.03.12 11:19:45.316,1.16896,1.16909,1.00,1.39
2018.03.12 11:19:45.627,1.16895,1.16909,1.10,2.32
2018.03.12 11:19:47.519,1.16895,1.16909,5.51,1.95
2018.03.12 11:19:47.572,1.16897,1.1691,1.00,1.57
2018.03.12 11:19:47.729,1.16898,1.16912,1.76,2.06
2018.03.12 11:19:48.973,1.16898,1.16912,2.70,1.50
2018.03.12 11:19:50.028,1.16899,1.16912,1.95,1.50
2018.03.12 11:19:50.559,1.16897,1.16911,1.10,3.07
2018.03.12 11:19:51.068,1.16896,1.1691,2.81,1.82
2018.03.12 11:19:51.579,1.16896,1.1691,2.44,1.20
2018.03.12 11:19:53.168,1.16896,1.16908,2.06,1.10
2018.03.12 11:19:53.686,1.16896,1.16909,1.50,1.20
2018.03.12 11:20:01.899,1.16898,1.1691,1.25,1.20
2018.03.12 11:20:02.424,1.16897,1.1691,1.25,1.82
2018.03.12 11:20:03.186,1.16896,1.1691,2.44,2.32
2018.03.12 11:20:04.068,1.16896,1.1691,2.51,1.66
2018.03.12 11:20:04.737,1.16896,1.16909,1.20,1.12
2018.03.12 11:20:05.654,1.16896,1.16909,1.10,1.87
2018.03.12 11:20:06.251,1.16896,1.16909,2.06,1.10
2018.03.12 11:20:07.200,1.16897,1.16909,1.00,1.00
2018.03.12 11:20:08.133,1.16897,1.16911,3.07,1.39
2018.03.12 11:20:08.673,1.16899,1.16912,1.01,1.87
2018.03.12 11:20:09.188,1.169,1.16912,1.00,1.50
2018.03.12 11:20:09.854,1.16901,1.16914,1.50,1.57
2018.03.12 11:20:10.391,1.16901,1.16915,1.76,2.89
2018.03.12 11:20:11.112,1.16901,1.16914,1.95,1.00
2018.03.12 11:20:11.771,1.16901,1.16915,2.14,2.51
2018.03.12 11:20:14.127,1.16901,1.16914,1.95,1.12
2018.03.12 11:20:15.018,1.16901,1.16914,1.95,1.37
2018.03.12 11:20:15.565,1.16901,1.16914,1.95,1.12
2018.03.12 11:20:16.434,1.16901,1.16914,1.57,1.37
2018.03.12 11:20:18.169,1.16902,1.16914,1.00,1.37
2018.03.12 11:20:19.429,1.16902,1.16914,2.14,1.25
2018.03.12 11:20:23.204,1.16902,1.16915,1.95,1.12
2018.03.12 11:20:25.033,1.16903,1.16916,1.50,1.47
2018.03.12 11:20:27.160,1.16903,1.16916,2.14,1.12
2018.03.12 11:20:28.154,1.16903,1.16916,1.95,1.37
2018.03.12 11:20:37.632,1.16903,1.16915,1.00,3.00
2018.03.12 11:20:38.411,1.16903,1.16914,1.00,3.75
2018.03.12 11:20:38.564,1.16901,1.16912,1.12,1.00
2018.03.12 11:20:39.000,1.16899,1.16911,1.50,1.00
2018.03.12 11:20:39.576,1.16899,1.16911,1.00,1.50
2018.03.12 11:20:39.840,1.16902,1.16914,1.00,1.57
2018.03.12 11:20:40.432,1.16902,1.16915,5.51,1.62
2018.03.12 11:20:40.701,1.16902,1.16915,5.14,1.00
2018.03.12 11:20:42.823,1.16903,1.16916,1.69,1.57
2018.03.12 11:20:44.354,1.16903,1.16916,1.87,1.57
2018.03.12 11:20:44.859,1.16903,1.16916,1.25,2.70
2018.03.12 11:20:49.077,1.16904,1.16916,1.00,1.87
2018.03.12 11:20:51.528,1.16902,1.16916,1.76,2.81
2018.03.12 11:20:52.069,1.16904,1.16917,2.32,1.50
2018.03.12 11:20:53.468,1.16904,1.16918,3.26,1.39
2018.03.12 11:20:55.788,1.16904,1.16918,1.57,3.82
2018.03.12 11:20:56.113,1.16906,1.16918,1.00,1.37
2018.03.12 11:20:57.035,1.16906,1.16918,1.12,1.00
2018.03.12 11:20:57.459,1.16908,1.1692,1.00,2.14
2018.03.12 11:20:57.615,1.16908,1.16921,1.87,1.95
2018.03.12 11:20:59.738,1.16906,1.16915,1.10,1.25
2018.03.12 11:20:59.905,1.16903,1.16916,1.57,2.25
2018.03.12 11:21:00.949,1.16903,1.16915,1.00,2.25
2018.03.12 11:21:01.638,1.16901,1.16914,1.57,1.69
2018.03.12 11:21:02.920,1.169,1.16913,1.20,2.06
2018.03.12 11:21:08.151,1.16899,1.16912,2.32,1.12
2018.03.12 11:21:09.103,1.16899,1.16913,1.10,3.45
2018.03.12 11:21:10.484,1.16899,1.16912,1.20,1.00
2018.03.12 11:21:13.588,1.16899,1.16912,1.57,4.87
2018.03.12 11:21:13.641,1.16897,1.16909,2.77,1.37
2018.03.12 11:21:13.779,1.16896,1.16908,1.00,2.25
2018.03.12 11:21:13.832,1.16893,1.16906,1.95,1.25
2018.03.12 11:21:15.188,1.16893,1.16907,1.57,4.95
2018.03.12 11:21:16.723,1.16895,1.16907,1.00,2.89
2018.03.12 11:21:16.826,1.16895,1.16908,2.25,1.10
2018.03.12 11:21:22.278,1.16896,1.16909,1.95,1.00
2018.03.12 11:21:24.752,1.16895,1.16908,1.95,1.00
2018.03.12 11:21:25.062,1.16894,1.16908,2.32,6.67
2018.03.12 11:21:25.853,1.16894,1.16907,1.57,1.72
2018.03.12 11:21:27.177,1.16894,1.16905,1.50,1.31
2018.03.12 11:21:27.346,1.16893,1.16907,1.57,5.51
2018.03.12 11:21:27.398,1.16895,1.16907,1.00,1.57
2018.03.12 11:21:27.450,1.16895,1.16908,2.25,1.39
2018.03.12 11:21:28.181,1.16896,1.16908,1.00,1.00
2018.03.12 11:21:29.315,1.16896,1.16909,2.70,1.00
2018.03.12 11:21:29.419,1.16897,1.1691,1.37,1.57
2018.03.12 11:21:30.112,1.16897,1.1691,1.25,1.76
2018.03.12 11:21:30.820,1.16897,1.1691,1.31,1.57
2018.03.12 11:21:35.339,1.16897,1.1691,1.00,2.51
2018.03.12 11:21:36.574,1.16895,1.16909,2.32,4.95
2018.03.12 11:21:40.228,1.16894,1.16908,1.57,2.81
2018.03.12 11:21:40.610,1.16894,1.16906,1.10,1.50
2018.03.12 11:21:42.364,1.16892,1.16904,1.57,1.50
2018.03.12 11:21:42.471,1.1689,1.16903,1.20,1.62
2018.03.12 11:21:42.789,1.16888,1.16901,2.89,1.50
2018.03.12 11:21:43.297,1.16888,1.16901,2.02,2.44
2018.03.12 11:21:43.818,1.16889,1.16902,1.00,2.70
2018.03.12 11:21:48.491,1.16888,1.169,2.02,1.37
2018.03.12 11:21:50.428,1.16888,1.16901,2.02,2.62
2018.03.12 11:21:50.838,1.1689,1.16901,3.37,1.50
2018.03.12 11:21:50.890,1.16891,1.16904,1.00,4.39
2018.03.12 11:21:51.464,1.16891,1.16904,1.12,2.32
2018.03.12 11:21:52.398,1.16891,1.16903,1.00,1.00
2018.03.12 11:21:53.128,1.16889,1.16901,1.45,1.87
2018.03.12 11:21:53.637,1.16888,1.16901,2.77,2.62
2018.03.12 11:21:54.645,1.16889,1.16902,1.00,2.51
2018.03.12 11:21:54.953,1.16893,1.16906,1.00,4.20
2018.03.12 11:21:55.055,1.16893,1.16907,1.95,3.26
2018.03.12 11:21:55.209,1.16892,1.16904,1.57,1.12
2018.03.12 11:21:55.260,1.16891,1.16903,1.07,1.00
2018.03.12 11:21:55.817,1.16891,1.16903,1.12,2.06
2018.03.12 11:21:56.073,1.16894,1.16906,1.00,3.26
2018.03.12 11:21:56.753,1.16894,1.16905,1.00,1.00
2018.03.12 11:21:56.808,1.16892,1.16905,1.95,1.31
2018.03.12 11:21:56.910,1.16892,1.16904,1.57,1.50
2018.03.12 11:21:57.540,1.1689,1.16903,3.26,1.00
2018.03.12 11:21:58.066,1.1689,1.16903,1.57,1.69
2018.03.12 11:21:58.671,1.16892,1.16902,1.00,1.00
2018.03.12 11:21:59.336,1.16889,1.16902,2.96,1.00
2018.03.12 11:22:00.297,1.16889,1.16901,2.02,1.50
2018.03.12 11:22:00.845,1.16889,1.16902,1.65,2.81
2018.03.12 11:22:03.492,1.16891,1.16901,1.00,1.00
2018.03.12 11:22:04.013,1.16891,1.16903,1.12,1.37
2018.03.12 11:22:06.545,1.16891,1.16904,1.50,1.76
2018.03.12 11:22:07.464,1.16893,1.16906,2.44,1.57
2018.03.12 11:22:07.568,1.16895,1.16907,1.12,1.00
2018.03.12 11:22:08.347,1.16897,1.1691,1.12,1.95
2018.03.12 11:22:08.653,1.16899,1.16912,1.12,2.14
2018.03.12 11:22:09.276,1.169,1.16912,1.12,1.62
2018.03.12 11:22:11.671,1.16899,1.1691,1.10,1.00
2018.03.12 11:22:12.026,1.16897,1.1691,1.50,1.95
2018.03.12 11:22:12.079,1.16902,1.1691,1.00,1.20
2018.03.12 11:22:12.132,1.16901,1.16912,1.69,1.20
2018.03.12 11:22:12.240,1.16904,1.16916,2.44,1.10
2018.03.12 11:22:12.298,1.16903,1.16916,1.10,2.44
2018.03.12 11:22:12.515,1.16901,1.16914,1.26,2.44
2018.03.12 11:22:13.034,1.16901,1.16914,2.14,1.69
2018.03.12 11:22:15.933,1.16902,1.16915,1.39,1.00
2018.03.12 11:22:16.664,1.16903,1.16916,2.89,1.00
2018.03.12 11:22:17.235,1.16903,1.16916,1.57,1.25
2018.03.12 11:22:17.755,1.16903,1.16917,1.57,2.70
2018.03.12 11:22:18.477,1.16903,1.16916,1.57,1.25
2018.03.12 11:22:19.040,1.16902,1.16916,2.32,2.25
2018.03.12 11:22:19.407,1.16901,1.16914,1.57,2.81
2018.03.12 11:22:19.615,1.16898,1.16912,1.20,3.19
2018.03.12 11:22:19.721,1.16897,1.1691,1.95,1.37
2018.03.12 11:22:20.287,1.16897,1.16911,2.32,1.57
2018.03.12 11:22:21.762,1.16897,1.16911,1.95,1.95
2018.03.12 11:22:22.263,1.16897,1.16911,4.01,1.69
2018.03.12 11:22:22.814,1.16899,1.16911,1.00,1.62
2018.03.12 11:22:23.963,1.16899,1.1691,1.00,1.37
2018.03.12 11:22:24.581,1.16897,1.1691,2.32,1.62
2018.03.12 11:22:25.100,1.16897,1.1691,1.20,1.69
2018.03.12 11:22:26.668,1.16899,1.1691,1.00,1.00
2018.03.12 11:22:27.813,1.169,1.16911,1.50,1.37
2018.03.12 11:22:27.864,1.16901,1.16912,1.00,1.25
2018.03.12 11:22:28.857,1.16901,1.16914,1.50,1.95
2018.03.12 11:22:32.861,1.16902,1.16915,1.00,3.26
2018.03.12 11:22:33.395,1.16903,1.16915,1.00,2.06
2018.03.12 11:22:33.900,1.16903,1.16915,1.00,3.94
2018.03.12 11:22:34.510,1.16903,1.16915,1.00,3.19
2018.03.12 11:22:35.642,1.16901,1.16914,3.45,1.00
2018.03.12 11:22:40.450,1.16902,1.16914,1.00,1.10
2018.03.12 11:22:41.968,1.16901,1.16914,1.50,1.39
2018.03.12 11:22:42.477,1.16901,1.16914,1.12,2.70
2018.03.12 11:22:45.020,1.16901,1.16913,1.00,1.25
2018.03.12 11:22:48.301,1.16905,1.16916,1.00,3.07
2018.03.12 11:22:48.510,1.16902,1.16915,2.14,2.81
2018.03.12 11:22:49.193,1.16902,1.16915,1.50,1.76
2018.03.12 11:22:50.406,1.16902,1.16915,2.62,1.76
2018.03.12 11:22:50.909,1.16902,1.16915,1.87,1.76
2018.03.12 11:22:50.963,1.16901,1.16913,1.00,1.69
2018.03.12 11:22:51.492,1.16901,1.16912,1.00,1.19
2018.03.12 11:22:52.055,1.169,1.16912,1.00,1.25
2018.03.12 11:22:53.206,1.16901,1.16912,1.00,1.25
2018.03.12 11:22:54.138,1.16902,1.16914,1.00,2.70
2018.03.12 11:22:54.646,1.16902,1.16913,1.00,1.00
2018.03.12 11:22:55.160,1.16901,1.16913,1.00,1.00
2018.03.12 11:23:00.992,1.16902,1.16914,1.00,1.57
2018.03.12 11:23:01.602,1.16901,1.16914,3.00,1.57
2018.03.12 11:23:03.471,1.16902,1.16914,1.12,1.37
2018.03.12 11:23:05.541,1.16902,1.16915,1.87,2.51
2018.03.12 11:23:06.048,1.16902,1.16915,3.49,1.00
2018.03.12 11:23:06.599,1.16903,1.16915,2.06,1.00
2018.03.12 11:23:06.932,1.16905,1.16916,1.00,2.06
2018.03.12 11:23:06.984,1.16905,1.16917,1.00,1.95
2018.03.12 11:23:07.738,1.16903,1.16916,1.95,1.87
2018.03.12 11:23:08.073,1.16901,1.16913,1.95,1.37
2018.03.12 11:23:09.482,1.16901,1.16914,2.70,1.87
2018.03.12 11:23:09.808,1.16903,1.16916,1.50,2.70
2018.03.12 11:23:09.914,1.16904,1.16917,1.00,2.70
2018.03.12 11:23:09.966,1.16905,1.16917,1.50,1.10
2018.03.12 11:23:11.448,1.16905,1.16917,1.50,1.20
2018.03.12 11:23:12.568,1.16905,1.16917,1.00,3.64
2018.03.12 11:23:12.884,1.16903,1.16916,1.50,1.20
2018.03.12 11:23:14.056,1.16902,1.16915,1.37,1.57
2018.03.12 11:23:14.315,1.169,1.16913,1.57,2.81
2018.03.12 11:23:14.852,1.16901,1.16914,1.00,1.95
2018.03.12 11:23:15.432,1.16901,1.16914,1.37,1.95
2018.03.12 11:23:17.249,1.16901,1.16914,1.00,1.95
2018.03.12 11:23:17.625,1.169,1.16913,1.57,1.37
2018.03.12 11:23:18.126,1.16898,1.16912,5.89,2.51
2018.03.12 11:23:18.654,1.16898,1.16912,5.89,2.32
2018.03.12 11:23:18.984,1.16898,1.16908,1.57,1.25
2018.03.12 11:23:19.036,1.16899,1.16911,1.00,2.25
2018.03.12 11:23:19.580,1.16899,1.16912,2.89,2.25
2018.03.12 11:23:20.143,1.169,1.16912,1.37,3.00
2018.03.12 11:23:20.846,1.169,1.16912,1.00,3.37
2018.03.12 11:23:21.053,1.16898,1.1691,1.10,1.12
2018.03.12 11:23:21.705,1.16897,1.16908,1.00,1.87
2018.03.12 11:23:21.808,1.16895,1.16908,1.10,2.62
2018.03.12 11:23:22.349,1.16895,1.16907,1.00,1.62
2018.03.12 11:23:23.561,1.16893,1.16906,2.70,2.81
2018.03.12 11:23:23.822,1.16896,1.16907,1.87,1.01
2018.03.12 11:23:24.434,1.16897,1.16908,1.50,2.14
2018.03.12 11:23:24.960,1.16898,1.16908,2.44,1.00
2018.03.12 11:23:25.427,1.16901,1.16913,1.50,1.70
2018.03.12 11:23:25.683,1.16896,1.16907,1.12,1.31
2018.03.12 11:23:26.985,1.16897,1.1691,1.50,1.76
2018.03.12 11:23:27.037,1.16898,1.1691,1.87,1.20
2018.03.12 11:23:27.987,1.16899,1.1691,1.50,3.07
2018.03.12 11:23:28.248,1.16898,1.1691,1.00,1.20
2018.03.12 11:23:28.826,1.16898,1.16909,1.00,1.31
2018.03.12 11:23:31.586,1.16897,1.1691,1.00,3.64
2018.03.12 11:23:31.739,1.16898,1.1691,1.37,1.20
2018.03.12 11:23:32.241,1.16898,1.16911,3.19,1.10
2018.03.12 11:23:32.594,1.16898,1.1691,1.57,1.37
2018.03.12 11:23:34.080,1.16896,1.16909,3.45,1.69
2018.03.12 11:23:34.385,1.16896,1.16907,1.00,2.25
2018.03.12 11:23:34.439,1.16894,1.16906,1.20,3.00
2018.03.12 11:23:36.842,1.16892,1.16905,4.57,3.00
2018.03.12 11:23:37.178,1.16898,1.16906,1.31,1.47
2018.03.12 11:23:37.230,1.16899,1.1691,2.25,1.87
2018.03.12 11:23:37.282,1.16901,1.16911,3.37,2.32
2018.03.12 11:23:37.387,1.16902,1.16913,1.50,1.57
2018.03.12 11:23:37.922,1.16902,1.16914,1.50,4.20
2018.03.12 11:23:38.725,1.16902,1.16914,1.00,2.32
2018.03.12 11:23:39.816,1.16901,1.16914,1.87,1.01
2018.03.12 11:23:40.429,1.16903,1.16913,1.87,1.25
2018.03.12 11:23:40.532,1.16903,1.16916,1.37,3.45
2018.03.12 11:23:41.626,1.16902,1.16915,2.70,1.69
2018.03.12 11:23:41.796,1.16902,1.16915,2.25,3.26
2018.03.12 11:23:42.390,1.16902,1.16915,2.62,1.66
2018.03.12 11:23:42.910,1.16902,1.16915,1.50,1.66
2018.03.12 11:23:43.461,1.16902,1.16915,1.87,1.01
2018.03.12 11:23:44.084,1.16905,1.16916,1.50,1.20
2018.03.12 11:23:44.629,1.16904,1.16917,1.50,1.29
2018.03.12 11:23:45.589,1.16904,1.16917,1.50,2.51
2018.03.12 11:23:47.012,1.16906,1.16917,1.00,3.64
2018.03.12 11:23:47.178,1.16907,1.16919,2.06,2.70
2018.03.12 11:23:47.386,1.16906,1.16919,1.00,3.26
2018.03.12 11:23:48.518,1.16906,1.1692,3.75,4.95
2018.03.12 11:23:48.706,1.16907,1.1692,3.37,1.95
2018.03.12 11:23:50.654,1.16907,1.1692,5.06,1.20
2018.03.12 11:23:51.282,1.16908,1.1692,1.75,1.20
2018.03.12 11:23:51.878,1.16908,1.1692,1.87,1.57
2018.03.12 11:23:55.241,1.16908,1.16921,1.95,1.00
2018.03.12 11:23:55.765,1.16908,1.16921,1.12,2.14
2018.03.12 11:23:58.202,1.16908,1.16921,1.87,1.66
2018.03.12 11:24:00.099,1.16907,1.16921,3.00,3.26
2018.03.12 11:24:00.731,1.16907,1.16919,1.95,1.25
2018.03.12 11:24:00.783,1.16906,1.16917,1.07,1.12
2018.03.12 11:24:00.836,1.16904,1.16916,1.12,1.87
2018.03.12 11:24:00.888,1.16903,1.16915,1.76,1.56
2018.03.12 11:24:02.056,1.16903,1.16916,1.50,1.76
2018.03.12 11:24:03.142,1.16903,1.16917,4.95,3.64
2018.03.12 11:24:03.795,1.16904,1.16916,1.50,1.00
2018.03.12 11:24:04.454,1.16903,1.16916,3.45,1.00
2018.03.12 11:24:05.785,1.16904,1.16913,1.00,1.00
2018.03.12 11:24:05.888,1.16901,1.16912,2.70,1.25
2018.03.12 11:24:06.194,1.16901,1.16914,1.50,2.32
2018.03.12 11:24:06.764,1.16901,1.16913,1.50,1.00
2018.03.12 11:24:07.338,1.16901,1.16913,1.12,1.37
2018.03.12 11:24:08.211,1.16901,1.16914,1.12,1.95
2018.03.12 11:24:08.757,1.16901,1.16915,4.12,4.20
2018.03.12 11:24:09.366,1.16901,1.16914,4.50,1.10
2018.03.12 11:24:10.068,1.16901,1.16914,4.57,1.00
2018.03.12 11:24:10.703,1.16901,1.16914,2.70,1.25
2018.03.12 11:24:12.688,1.16901,1.16914,2.25,2.32
2018.03.12 11:24:13.256,1.16901,1.16914,1.12,2.14
2018.03.12 11:24:13.476,1.16899,1.16911,1.57,1.00
2018.03.12 11:24:13.528,1.16898,1.16911,1.10,1.87
2018.03.12 11:24:13.632,1.16896,1.1691,2.32,4.50
2018.03.12 11:24:14.389,1.16896,1.1691,1.50,5.32
2018.03.12 11:24:14.650,1.16898,1.16911,1.00,1.10
2018.03.12 11:24:20.357,1.16897,1.16909,1.20,1.12
2018.03.12 11:24:20.669,1.16896,1.16908,1.12,1.39
2018.03.12 11:24:21.225,1.16896,1.16909,1.12,2.89
2018.03.12 11:24:22.526,1.16896,1.16909,1.12,2.14
2018.03.12 11:24:24.201,1.16896,1.16908,1.50,1.25
2018.03.12 11:24:24.573,1.16894,1.16907,1.12,2.89
2018.03.12 11:24:24.912,1.16896,1.16909,1.87,2.89
2018.03.12 11:24:25.968,1.16899,1.16911,1.12,1.47
2018.03.12 11:24:26.278,1.16901,1.16912,1.50,1.00
2018.03.12 11:24:26.891,1.16901,1.16913,1.50,1.00
2018.03.12 11:24:27.650,1.16901,1.16914,1.12,4.01
2018.03.12 11:24:31.673,1.16901,1.16912,1.00,1.00
2018.03.12 11:24:31.725,1.16898,1.16911,1.50,2.70
2018.03.12 11:24:31.828,1.16897,1.16909,1.10,1.00
2018.03.12 11:24:32.351,1.16897,1.16908,1.12,1.31
2018.03.12 11:24:33.345,1.16897,1.1691,1.12,1.76
2018.03.12 11:24:33.706,1.16897,1.1691,1.12,3.82
2018.03.12 11:24:34.243,1.16897,1.16909,1.12,1.39
2018.03.12 11:24:34.897,1.16897,1.1691,1.12,2.32
2018.03.12 11:24:35.418,1.16897,1.1691,1.00,2.14
2018.03.12 11:24:36.074,1.16897,1.16909,1.00,3.07
2018.03.12 11:24:42.772,1.16897,1.16908,1.00,1.62
2018.03.12 11:24:45.110,1.16898,1.16911,1.00,3.64
2018.03.12 11:24:45.214,1.16899,1.16912,1.00,4.57
2018.03.12 11:24:45.267,1.16901,1.16912,1.00,1.95
2018.03.12 11:24:45.815,1.16901,1.16914,1.00,3.82
2018.03.12 11:24:46.842,1.16901,1.16914,1.00,3.07
2018.03.12 11:24:47.360,1.16901,1.16912,1.12,1.00
2018.03.12 11:24:47.868,1.16901,1.16914,1.50,5.17
2018.03.12 11:24:48.387,1.16901,1.16913,1.00,3.00
2018.03.12 11:24:49.540,1.16899,1.16911,1.95,1.87
2018.03.12 11:24:50.041,1.16899,1.16911,1.12,1.69
2018.03.12 11:24:50.251,1.16899,1.16912,1.31,3.64
2018.03.12 11:24:50.935,1.16901,1.16913,1.00,2.32
2018.03.12 11:24:51.715,1.16901,1.16914,1.00,1.47
2018.03.12 11:24:52.024,1.16903,1.16915,1.00,1.69
2018.03.12 11:24:52.939,1.16905,1.16917,1.00,2.32
2018.03.12 11:24:53.111,1.16903,1.16917,1.76,3.07
2018.03.12 11:24:54.306,1.16902,1.16914,1.95,1.12
2018.03.12 11:24:54.814,1.16902,1.16914,1.12,1.69
2018.03.12 11:24:57.673,1.169,1.16913,1.57,2.25
2018.03.12 11:24:57.881,1.169,1.16912,1.12,1.69
2018.03.12 11:25:03.646,1.169,1.16912,1.00,3.37
2018.03.12 11:25:05.666,1.169,1.16911,1.00,1.25
2018.03.12 11:25:06.822,1.16898,1.16911,1.10,4.50
2018.03.12 11:25:07.324,1.16897,1.1691,1.50,2.89
2018.03.12 11:25:14.114,1.16897,1.1691,1.00,2.89
2018.03.12 11:25:15.117,1.16897,1.16909,1.00,1.00
2018.03.12 11:25:15.905,1.16897,1.1691,1.00,2.89
2018.03.12 11:25:17.349,1.16897,1.16909,1.00,1.00
2018.03.12 11:25:17.875,1.16897,1.1691,1.00,2.89
2018.03.12 11:25:18.490,1.16897,1.1691,1.00,2.70
2018.03.12 11:25:19.027,1.16897,1.1691,1.00,2.89
2018.03.12 11:25:20.086,1.16898,1.16911,4.12,1.76
2018.03.12 11:25:20.190,1.169,1.16913,1.12,2.51
2018.03.12 11:25:21.188,1.169,1.16913,1.50,1.47
2018.03.12 11:25:21.241,1.169,1.16913,2.70,1.00
2018.03.12 11:25:22.232,1.16903,1.16915,1.00,1.20
2018.03.12 11:25:22.342,1.16904,1.16917,1.00,3.07
2018.03.12 11:25:24.177,1.16902,1.16911,1.95,1.25
2018.03.12 11:25:24.353,1.169,1.16912,1.12,1.87
2018.03.12 11:25:25.357,1.169,1.16912,1.12,2.62
2018.03.12 11:25:26.500,1.16899,1.16911,1.12,1.37
2018.03.12 11:25:29.312,1.16897,1.1691,2.32,1.87
2018.03.12 11:25:29.893,1.16897,1.1691,1.50,1.76
2018.03.12 11:25:30.619,1.16897,1.16909,1.12,1.62
2018.03.12 11:25:31.154,1.16897,1.16909,1.00,3.07
2018.03.12 11:25:35.373,1.16897,1.16909,1.00,2.32
2018.03.12 11:25:39.849,1.16897,1.16909,1.00,1.00
2018.03.12 11:25:39.902,1.16899,1.16911,1.00,3.26
2018.03.12 11:25:41.025,1.16899,1.16911,1.12,1.25
2018.03.12 11:25:42.121,1.16899,1.16911,1.12,1.62
2018.03.12 11:25:44.055,1.16899,1.16911,1.12,1.12
2018.03.12 11:25:46.976,1.16899,1.16912,1.12,3.64
2018.03.12 11:25:48.414,1.16899,1.16912,2.62,1.76
2018.03.12 11:25:48.467,1.169,1.16913,1.87,1.57
2018.03.12 11:25:48.519,1.16901,1.16913,1.37,1.20
2018.03.12 11:25:49.114,1.16903,1.16915,1.37,1.95
2018.03.12 11:25:49.219,1.16904,1.16916,1.50,2.70
2018.03.12 11:25:50.627,1.16904,1.16914,1.12,1.00
2018.03.12 11:25:51.169,1.16903,1.16914,1.00,1.12
2018.03.12 11:25:51.466,1.16901,1.16913,1.57,1.31
2018.03.12 11:25:52.636,1.16901,1.16914,2.25,3.26
2018.03.12 11:25:53.146,1.16901,1.16914,1.87,1.57
2018.03.12 11:25:53.841,1.16901,1.16914,2.25,1.20
2018.03.12 11:25:54.233,1.16901,1.16913,1.87,1.31
2018.03.12 11:25:57.459,1.16901,1.16914,1.12,2.89
2018.03.12 11:25:57.768,1.16903,1.16915,1.00,2.51
2018.03.12 11:25:58.269,1.16903,1.16915,1.00,1.69
2018.03.12 11:25:58.605,1.169,1.16912,1.95,1.62
2018.03.12 11:25:59.146,1.169,1.16912,1.00,1.50
2018.03.12 11:25:59.805,1.169,1.16913,1.50,3.45
2018.03.12 11:26:00.294,1.16903,1.16914,2.25,1.76
2018.03.12 11:26:00.797,1.16903,1.16915,1.00,1.62
2018.03.12 11:26:01.467,1.16903,1.16916,1.87,1.76
2018.03.12 11:26:02.009,1.16903,1.16916,1.12,1.76
2018.03.12 11:26:09.089,1.16903,1.16915,1.00,2.25
2018.03.12 11:26:09.602,1.16903,1.16915,1.00,4.20
2018.03.12 11:26:10.392,1.16902,1.16914,1.00,1.95
2018.03.12 11:26:10.906,1.16901,1.16913,1.50,1.00
2018.03.12 11:26:12.421,1.16901,1.16914,1.50,2.70
2018.03.12 11:26:13.046,1.16901,1.16914,1.50,2.70
2018.03.12 11:26:13.793,1.16901,1.16913,1.00,4.69
2018.03.12 11:26:14.098,1.16899,1.1691,1.12,1.69
2018.03.12 11:26:14.684,1.16898,1.1691,1.37,2.14
2018.03.12 11:26:17.969,1.16898,1.16911,2.62,1.20
2018.03.12 11:26:24.244,1.16899,1.16912,1.12,2.14
2018.03.12 11:26:24.987,1.16899,1.16912,1.12,3.07
2018.03.12 11:26:25.850,1.16898,1.16911,1.87,2.70
2018.03.12 11:26:26.391,1.16897,1.16909,1.87,1.25
2018.03.12 11:26:27.717,1.16897,1.16909,1.12,1.31
2018.03.12 11:26:28.811,1.16896,1.16909,2.06,1.20
2018.03.12 11:26:29.335,1.16896,1.16908,1.87,1.12
2018.03.12 11:26:31.982,1.16896,1.16908,1.12,2.25
2018.03.12 11:26:34.890,1.16894,1.16907,2.25,2.32
2018.03.12 11:26:35.213,1.16894,1.16907,1.50,2.70
2018.03.12 11:26:35.851,1.16894,1.16907,1.12,1.95
2018.03.12 11:26:36.681,1.16894,1.16907,1.87,1.47
2018.03.12 11:26:37.622,1.16895,1.16907,1.12,1.20
2018.03.12 11:26:38.955,1.16895,1.16908,1.87,1.95
2018.03.12 11:26:50.525,1.16896,1.16909,1.87,1.95
2018.03.12 11:26:50.684,1.16898,1.16911,2.32,1.69
2018.03.12 11:26:51.231,1.16899,1.16912,1.69,1.57
2018.03.12 11:26:51.744,1.169,1.16914,2.06,4.01
2018.03.12 11:26:52.440,1.169,1.16913,1.87,4.95
2018.03.12 11:26:55.054,1.169,1.16913,1.12,5.32
2018.03.12 11:27:00.009,1.16899,1.16912,1.12,1.57
2018.03.12 11:27:00.552,1.16899,1.16911,1.12,1.19
2018.03.12 11:27:01.101,1.16899,1.16912,1.87,2.70
2018.03.12 11:27:01.608,1.16899,1.16912,1.50,5.14
2018.03.12 11:27:02.144,1.16899,1.16912,1.50,3.45
2018.03.12 11:27:08.789,1.16899,1.1691,1.12,1.25
2018.03.12 11:27:08.843,1.16897,1.16908,1.12,1.12
2018.03.12 11:27:15.941,1.16897,1.1691,2.25,1.89
2018.03.12 11:27:16.454,1.16897,1.1691,2.62,1.10
2018.03.12 11:27:17.842,1.16898,1.16911,1.12,1.95
2018.03.12 11:27:20.141,1.16899,1.16911,1.37,1.20
2018.03.12 11:27:20.250,1.16901,1.16913,1.00,1.20
2018.03.12 11:27:20.663,1.16899,1.16913,1.95,5.51
2018.03.12 11:27:21.571,1.16899,1.16912,1.20,2.62
2018.03.12 11:27:22.884,1.16898,1.16907,1.10,1.00
2018.03.12 11:27:22.936,1.16896,1.16907,1.00,1.00
2018.03.12 11:27:28.078,1.16895,1.16907,1.50,1.69
2018.03.12 11:27:28.403,1.16895,1.16906,1.12,1.62
2018.03.12 11:27:29.680,1.16893,1.16906,1.57,1.69
2018.03.12 11:27:29.952,1.16892,1.16903,1.50,1.00
2018.03.12 11:27:30.378,1.1689,1.16901,1.57,1.00
2018.03.12 11:27:30.709,1.16889,1.16899,2.32,1.00
2018.03.12 11:27:30.814,1.16891,1.16904,1.00,4.01
2018.03.12 11:27:30.868,1.16892,1.16904,3.00,1.57
2018.03.12 11:27:31.182,1.16895,1.16907,1.50,1.95
2018.03.12 11:27:31.726,1.16895,1.16906,1.50,1.82
2018.03.12 11:27:33.983,1.16894,1.16906,1.50,1.57
2018.03.12 11:27:34.035,1.16894,1.16906,1.50,1.12
2018.03.12 11:27:37.200,1.16894,1.16906,1.00,1.12
2018.03.12 11:27:38.097,1.16895,1.16908,1.87,2.51
2018.03.12 11:27:38.275,1.16893,1.16906,1.87,1.10
2018.03.12 11:27:38.429,1.16893,1.16904,1.87,1.00
2018.03.12 11:27:38.943,1.16893,1.16905,2.25,1.00
2018.03.12 11:27:40.491,1.16893,1.16904,2.25,1.00
2018.03.12 11:27:40.987,1.16892,1.16905,1.12,3.26
2018.03.12 11:27:42.661,1.16892,1.16904,1.20,1.00
2018.03.12 11:27:43.203,1.16892,1.16905,1.12,2.51
2018.03.12 11:27:49.704,1.16891,1.16904,1.95,2.25
2018.03.12 11:27:49.809,1.16893,1.16905,1.00,2.44
2018.03.12 11:27:50.355,1.16892,1.16905,1.00,3.26
2018.03.12 11:27:50.905,1.16891,1.16904,1.95,1.00
2018.03.12 11:27:52.168,1.16891,1.16904,1.50,1.95
2018.03.12 11:27:52.895,1.16891,1.16905,3.37,2.32
2018.03.12 11:27:52.948,1.16893,1.16905,1.50,1.10
2018.03.12 11:27:53.498,1.16894,1.16908,4.57,3.64
2018.03.12 11:27:54.114,1.16895,1.16908,1.00,3.26
2018.03.12 11:27:58.398,1.16895,1.16908,1.12,2.51
2018.03.12 11:27:59.618,1.16896,1.16908,1.00,1.20
2018.03.12 11:28:04.804,1.16897,1.1691,1.37,2.70
2018.03.12 11:28:05.318,1.16898,1.16911,1.50,2.51
2018.03.12 11:28:06.374,1.16898,1.16911,1.50,2.51
2018.03.12 11:28:09.521,1.16898,1.1691,1.12,1.87
2018.03.12 11:28:10.059,1.16898,1.1691,1.12,1.00
2018.03.12 11:28:13.658,1.16898,1.1691,1.00,2.44
2018.03.12 11:28:15.001,1.16897,1.1691,4.12,2.70
2018.03.12 11:28:15.530,1.16897,1.1691,4.12,2.89
2018.03.12 11:28:16.056,1.16896,1.16909,1.87,3.45
2018.03.12 11:28:16.776,1.16896,1.16908,1.50,1.31
2018.03.12 11:28:18.105,1.16895,1.16908,3.75,4.20
2018.03.12 11:28:18.418,1.16893,1.16905,4.50,1.25
2018.03.12 11:28:18.796,1.16893,1.16904,1.00,1.25
2018.03.12 11:28:19.299,1.16891,1.16904,3.26,2.25
2018.03.12 11:28:19.843,1.16891,1.16903,1.50,2.44
2018.03.12 11:28:20.329,1.1689,1.16902,1.50,3.00
2018.03.12 11:28:20.876,1.1689,1.16902,2.25,1.50
2018.03.12 11:28:21.399,1.1689,1.16903,3.64,2.06
2018.03.12 11:28:21.929,1.1689,1.16902,1.50,1.25
2018.03.12 11:28:22.456,1.16891,1.16904,1.50,1.76
2018.03.12 11:28:23.073,1.16891,1.16904,2.25,1.20
2018.03.12 11:28:24.072,1.16891,1.16904,1.12,2.89
2018.03.12 11:28:24.573,1.16892,1.16904,1.37,2.51
2018.03.12 11:28:24.779,1.16891,1.16904,1.31,2.89
2018.03.12 11:28:26.162,1.16891,1.16903,1.00,1.50
2018.03.12 11:28:27.805,1.1689,1.16903,1.10,3.00
2018.03.12 11:28:29.546,1.1689,1.16903,1.76,1.00
2018.03.12 11:28:30.070,1.16891,1.16905,2.14,4.39
2018.03.12 11:28:30.505,1.16893,1.16905,1.37,2.89
2018.03.12 11:28:30.708,1.16892,1.16905,1.00,3.07
2018.03.12 11:28:32.987,1.16893,1.16905,1.00,1.12
2018.03.12 11:28:33.495,1.16892,1.16905,1.87,1.31
2018.03.12 11:28:33.987,1.16894,1.16905,1.00,1.00
2018.03.12 11:28:34.501,1.16893,1.16906,1.00,3.00
2018.03.12 11:28:37.991,1.16892,1.16904,1.50,3.56
2018.03.12 11:28:39.390,1.16893,1.16906,1.50,1.95
2018.03.12 11:28:39.933,1.16894,1.16907,1.50,2.44
2018.03.12 11:28:40.137,1.16893,1.16905,1.00,1.69
2018.03.12 11:28:40.541,1.16891,1.16904,1.87,2.25
2018.03.12 11:28:41.307,1.16891,1.16904,1.50,5.25
2018.03.12 11:28:44.486,1.16892,1.16904,1.00,1.12
2018.03.12 11:28:49.446,1.16891,1.16904,1.50,1.87
2018.03.12 11:28:50.125,1.16891,1.16904,1.50,2.44
2018.03.12 11:28:53.459,1.16891,1.16904,1.69,1.87
2018.03.12 11:28:53.835,1.16891,1.16902,1.12,1.00
2018.03.12 11:28:53.889,1.16889,1.16902,1.57,1.87
2018.03.12 11:28:55.116,1.16889,1.16902,1.50,6.56
2018.03.12 11:28:57.187,1.16889,1.169,1.12,1.00
2018.03.12 11:28:57.711,1.16889,1.16901,1.50,1.12
2018.03.12 11:28:59.225,1.16889,1.169,1.12,1.00
2018.03.12 11:29:05.195,1.16889,1.16895,1.87,1.00
2018.03.12 11:29:05.450,1.16889,1.16902,1.50,6.56
2018.03.12 11:29:05.706,1.16889,1.16902,2.06,1.87
2018.03.12 11:29:06.677,1.16889,1.16901,1.50,1.87
2018.03.12 11:29:07.188,1.16889,1.169,1.00,1.00
2018.03.12 11:29:07.666,1.16888,1.16894,2.25,1.00
2018.03.12 11:29:07.950,1.16888,1.16899,2.25,1.00
2018.03.12 11:29:08.464,1.16888,1.16898,2.25,1.00
2018.03.12 11:29:09.461,1.16888,1.16899,2.25,1.50
2018.03.12 11:29:10.820,1.16888,1.16899,1.87,2.62
2018.03.12 11:29:12.378,1.16888,1.16897,1.50,1.00
2018.03.12 11:29:13.034,1.16887,1.16892,1.37,1.00
2018.03.12 11:29:13.242,1.16888,1.16898,1.12,1.87
2018.03.12 11:29:14.006,1.16888,1.169,2.62,2.62
2018.03.12 11:29:14.539,1.16888,1.169,4.31,1.12
2018.03.12 11:29:15.058,1.16889,1.16901,1.00,1.87
2018.03.12 11:29:15.528,1.16889,1.16899,1.00,1.00
2018.03.12 11:29:16.055,1.16888,1.169,3.75,1.50
2018.03.12 11:29:16.575,1.16888,1.16899,2.25,1.00
2018.03.12 11:29:17.093,1.16888,1.169,3.00,1.00
2018.03.12 11:29:17.670,1.16888,1.169,2.62,1.00
2018.03.12 11:29:18.134,1.16888,1.16899,1.50,1.87
2018.03.12 11:29:18.650,1.16888,1.16899,1.50,1.12
2018.03.12 11:29:20.850,1.16888,1.16898,1.00,1.00
2018.03.12 11:29:21.167,1.16878,1.16889,2.62,1.87
2018.03.12 11:29:21.694,1.16878,1.16888,1.12,1.00
2018.03.12 11:29:22.054,1.16873,1.16885,1.87,1.00
2018.03.12 11:29:22.106,1.16871,1.16883,2.70,1.00
2018.03.12 11:29:22.431,1.16868,1.16881,2.89,2.62
2018.03.12 11:29:23.669,1.16868,1.16881,1.57,3.00
2018.03.12 11:29:24.040,1.16867,1.1688,2.32,3.94
2018.03.12 11:29:24.379,1.1686,1.16873,1.47,4.69
2018.03.12 11:29:24.430,1.16859,1.16872,2.70,1.25
2018.03.12 11:29:24.961,1.1686,1.16872,1.31,1.00
2018.03.12 11:29:25.463,1.16859,1.16872,1.50,1.87
2018.03.12 11:29:26.106,1.1686,1.16872,1.31,1.50
2018.03.12 11:29:26.910,1.1686,1.16872,1.50,1.50
2018.03.12 11:29:27.213,1.16861,1.16873,1.87,1.87
2018.03.12 11:29:27.736,1.16861,1.16873,3.56,1.12
2018.03.12 11:29:28.248,1.16861,1.16874,2.62,1.12
2018.03.12 11:29:28.598,1.16862,1.16874,2.44,1.12
2018.03.12 11:29:29.048,1.16864,1.16877,2.25,1.87
2018.03.12 11:29:29.152,1.16862,1.16875,2.32,1.62
2018.03.12 11:29:29.666,1.16864,1.16876,1.00,1.37
2018.03.12 11:29:30.678,1.16862,1.16875,1.69,1.37
2018.03.12 11:29:31.042,1.16861,1.16874,2.06,1.37
2018.03.12 11:29:32.412,1.16862,1.16874,1.50,1.50
2018.03.12 11:29:33.241,1.16862,1.16874,1.31,1.50
2018.03.12 11:29:34.328,1.16862,1.16874,1.31,1.00
2018.03.12 11:29:35.002,1.16863,1.16875,1.00,1.37
2018.03.12 11:29:36.532,1.16862,1.16875,2.25,1.37
2018.03.12 11:29:37.052,1.16862,1.16876,3.94,1.50
2018.03.12 11:29:37.641,1.16863,1.16877,1.87,2.62
2018.03.12 11:29:38.180,1.16863,1.16877,3.00,1.37
2018.03.12 11:29:38.644,1.16866,1.1688,3.19,1.20
2018.03.12 11:29:39.157,1.16867,1.16881,1.20,1.50
2018.03.12 11:29:39.707,1.16868,1.16881,1.00,1.12
2018.03.12 11:29:39.964,1.16869,1.16884,2.62,1.57
2018.03.12 11:29:41.376,1.1687,1.16884,1.31,1.00
2018.03.12 11:29:41.895,1.1687,1.16883,1.00,1.50
2018.03.12 11:29:42.438,1.1687,1.16884,2.06,1.50
2018.03.12 11:29:43.098,1.16869,1.16884,3.64,1.69
2018.03.12 11:29:44.291,1.1687,1.16884,1.69,1.12
2018.03.12 11:29:44.796,1.1687,1.16884,2.62,1.12
2018.03.12 11:29:45.469,1.1687,1.16884,1.69,1.12
2018.03.12 11:29:45.597,1.1687,1.16882,1.57,1.44
2018.03.12 11:29:45.750,1.1687,1.16884,1.50,1.50
2018.03.12 11:29:45.903,1.16872,1.16885,1.00,1.95
2018.03.12 11:29:46.662,1.16872,1.16885,1.12,1.87
2018.03.12 11:29:48.059,1.16872,1.16885,1.00,2.06
2018.03.12 11:29:49.433,1.16872,1.16886,2.06,3.82
2018.03.12 11:29:49.485,1.16874,1.16886,1.25,1.10
2018.03.12 11:29:50.108,1.16874,1.16888,1.69,3.64
2018.03.12 11:29:50.649,1.16874,1.16888,1.50,3.45
2018.03.12 11:29:51.174,1.16875,1.16888,1.00,2.81
2018.03.12 11:29:56.706,1.16875,1.16888,1.50,1.31
2018.03.12 11:29:59.471,1.16875,1.16888,1.50,1.31
2018.03.12 11:30:00.711,1.16874,1.16886,1.50,1.12
2018.03.12 11:30:01.705,1.16874,1.16886,1.00,1.50
2018.03.12 11:30:02.789,1.16874,1.16886,1.00,1.00
2018.03.12 11:30:05.359,1.16876,1.16889,1.00,1.20
2018.03.12 11:30:05.669,1.16879,1.1689,1.25,1.37
2018.03.12 11:30:05.772,1.16877,1.1689,1.12,1.37
2018.03.12 11:30:06.479,1.16877,1.1689,1.12,1.12
2018.03.12 11:30:07.544,1.16877,1.16889,1.00,1.12
2018.03.12 11:30:07.647,1.16875,1.16888,1.50,1.25
2018.03.12 11:30:09.032,1.16875,1.16888,1.00,1.69
2018.03.12 11:30:10.156,1.16875,1.16888,1.00,1.69
2018.03.12 11:30:14.141,1.16875,1.16889,1.00,4.50
2018.03.12 11:30:15.217,1.16875,1.16887,1.00,1.69
2018.03.12 11:30:15.529,1.16872,1.16886,1.95,1.87
2018.03.12 11:30:16.065,1.16872,1.16885,1.50,1.00
2018.03.12 11:30:16.616,1.16872,1.16885,1.12,1.12
2018.03.12 11:30:17.451,1.16872,1.16884,1.00,2.06
2018.03.12 11:30:18.024,1.16871,1.16884,1.00,2.06
2018.03.12 11:30:18.564,1.16871,1.16884,1.00,2.06
2018.03.12 11:30:20.090,1.1687,1.16883,1.50,1.62
2018.03.12 11:30:20.597,1.1687,1.16883,1.50,1.31
2018.03.12 11:30:25.350,1.16872,1.16885,1.12,1.95
2018.03.12 11:30:25.769,1.16871,1.16884,1.50,1.50
2018.03.12 11:30:26.438,1.16871,1.16884,1.50,1.31
2018.03.12 11:30:27.032,1.16871,1.16884,1.12,1.56
2018.03.12 11:30:27.577,1.1687,1.16883,1.50,3.00
2018.03.12 11:30:28.146,1.16868,1.1688,4.12,1.00
2018.03.12 11:30:28.353,1.16869,1.16882,1.50,3.04
2018.03.12 11:30:28.585,1.16867,1.1688,1.87,2.06
2018.03.12 11:30:29.091,1.16867,1.1688,1.50,2.44
2018.03.12 11:30:29.403,1.16865,1.16879,1.87,3.00
2018.03.12 11:30:29.620,1.16867,1.1688,1.12,2.32
2018.03.12 11:30:30.130,1.16867,1.1688,1.00,2.44
2018.03.12 11:30:30.760,1.16867,1.1688,1.00,2.06
2018.03.12 11:30:33.054,1.16867,1.16879,1.00,1.00
2018.03.12 11:30:33.574,1.16864,1.16878,2.89,1.25
2018.03.12 11:30:34.217,1.16865,1.16878,1.00,1.31
2018.03.12 11:30:34.542,1.16865,1.16879,3.75,1.50
2018.03.12 11:30:34.668,1.16867,1.1688,1.50,1.57
2018.03.12 11:30:34.720,1.16867,1.16877,1.87,1.00
2018.03.12 11:30:35.030,1.16865,1.16876,2.44,1.00
2018.03.12 11:30:35.294,1.16862,1.16873,1.45,1.00
2018.03.12 11:30:35.348,1.1686,1.16872,1.39,1.12
2018.03.12 11:30:35.454,1.1686,1.1687,1.10,1.00
2018.03.12 11:30:35.778,1.16858,1.16867,1.37,1.37
2018.03.12 11:30:35.932,1.16861,1.1687,1.37,1.50
2018.03.12 11:30:36.152,1.1686,1.16871,1.00,1.12
2018.03.12 11:30:36.408,1.16861,1.1687,1.00,1.19
2018.03.12 11:30:36.616,1.16859,1.16872,1.87,1.37
2018.03.12 11:30:36.671,1.1686,1.16873,1.50,1.00
2018.03.12 11:30:36.882,1.16863,1.16876,1.69,1.12
2018.03.12 11:30:37.200,1.16861,1.16874,2.44,1.00
2018.03.12 11:30:37.516,1.16872,1.16884,3.75,1.00
2018.03.12 11:30:37.570,1.16874,1.16886,1.37,1.10
2018.03.12 11:30:38.076,1.16875,1.16887,1.00,1.00
2018.03.12 11:30:38.800,1.16875,1.16888,1.87,1.31
2018.03.12 11:30:38.902,1.16878,1.1689,1.77,1.10
2018.03.12 11:30:39.211,1.16881,1.16892,1.00,1.00
2018.03.12 11:30:39.561,1.16879,1.1689,1.37,1.00
2018.03.12 11:30:39.873,1.16879,1.16892,1.37,1.25
2018.03.12 11:30:40.070,1.16879,1.16892,1.00,1.31
2018.03.12 11:30:40.586,1.16878,1.16891,1.87,1.00
2018.03.12 11:30:40.688,1.16879,1.16887,1.00,1.00
2018.03.12 11:30:40.740,1.16877,1.16887,1.00,1.00
2018.03.12 11:30:41.250,1.16875,1.16887,1.37,1.00
2018.03.12 11:30:41.796,1.16875,1.16887,1.00,1.00
2018.03.12 11:30:42.345,1.16875,1.16888,1.00,2.25
2018.03.12 11:30:43.143,1.16878,1.16889,1.25,1.37
2018.03.12 11:30:43.297,1.16872,1.16885,4.39,1.00
2018.03.12 11:30:43.348,1.16872,1.16884,1.31,1.12
2018.03.12 11:30:43.450,1.1687,1.16882,1.37,1.00
2018.03.12 11:30:44.494,1.16869,1.16882,1.69,1.31
2018.03.12 11:30:45.009,1.16869,1.16882,1.50,1.31
2018.03.12 11:30:46.349,1.16871,1.16882,1.00,1.12
2018.03.12 11:30:46.452,1.16871,1.16884,1.12,1.12
2018.03.12 11:30:46.860,1.16871,1.16881,1.50,1.00
2018.03.12 11:30:46.993,1.16869,1.1688,1.12,1.00
2018.03.12 11:30:47.046,1.16867,1.16879,1.50,1.69
2018.03.12 11:30:47.505,1.16867,1.16877,1.00,1.00
2018.03.12 11:30:47.596,1.16867,1.16879,1.00,1.12
2018.03.12 11:30:48.047,1.16867,1.16881,1.50,1.50
2018.03.12 11:30:48.099,1.16868,1.16881,1.09,1.50
2018.03.12 11:30:48.255,1.1687,1.16883,1.12,1.12
2018.03.12 11:30:49.327,1.1687,1.16883,3.37,1.00
2018.03.12 11:30:50.473,1.1687,1.16884,2.62,2.06
2018.03.12 11:30:50.709,1.16873,1.16884,1.00,1.12
2018.03.12 11:30:50.977,1.16871,1.16884,1.00,2.06
2018.03.12 11:30:51.754,1.16872,1.16885,3.00,2.06
2018.03.12 11:30:51.806,1.16873,1.16885,1.00,1.12
2018.03.12 11:30:52.958,1.16872,1.16885,2.25,1.12
2018.03.12 11:30:54.916,1.16869,1.1688,1.12,1.00
2018.03.12 11:30:55.021,1.16868,1.16882,2.62,1.12
2018.03.12 11:30:56.300,1.16871,1.16883,1.00,1.37
2018.03.12 11:30:56.353,1.16872,1.16885,1.00,3.00
2018.03.12 11:30:56.491,1.16874,1.16888,1.50,2.25
2018.03.12 11:30:56.851,1.16874,1.16887,1.00,3.19
2018.03.12 11:30:57.944,1.16876,1.16889,1.00,1.57
2018.03.12 11:30:58.450,1.16877,1.16891,1.00,4.12
2018.03.12 11:30:58.998,1.16877,1.1689,1.00,1.25
2018.03.12 11:30:59.752,1.16876,1.1689,1.50,1.69
2018.03.12 11:31:00.069,1.16872,1.16886,1.00,2.62
2018.03.12 11:31:00.631,1.16874,1.16887,1.50,1.12
2018.03.12 11:31:00.939,1.16875,1.16889,1.50,1.87
2018.03.12 11:31:01.131,1.16872,1.16886,1.37,2.44
2018.03.12 11:31:01.185,1.16872,1.16882,1.37,1.00
2018.03.12 11:31:01.291,1.16872,1.16885,1.37,2.25
2018.03.12 11:31:01.748,1.16874,1.16887,1.50,1.50
2018.03.12 11:31:01.852,1.16876,1.16889,1.00,1.76
2018.03.12 11:31:02.940,1.16876,1.1689,1.50,3.00
2018.03.12 11:31:03.097,1.16876,1.16888,1.12,1.00
2018.03.12 11:31:03.445,1.16874,1.16885,1.12,1.25
2018.03.12 11:31:03.752,1.16874,1.16887,1.12,1.00
2018.03.12 11:31:05.337,1.16872,1.16885,4.84,1.25
2018.03.12 11:31:05.680,1.16873,1.16886,1.27,2.14
2018.03.12 11:31:06.189,1.16872,1.16885,1.27,2.51
2018.03.12 11:31:06.713,1.16872,1.16886,3.00,2.51
2018.03.12 11:31:07.239,1.16872,1.16885,1.00,2.89
2018.03.12 11:31:07.854,1.16872,1.16885,1.00,2.81
2018.03.12 11:31:08.161,1.1687,1.16884,1.50,3.19
2018.03.12 11:31:08.662,1.16871,1.16885,1.20,2.62
2018.03.12 11:31:08.713,1.16872,1.16886,1.50,3.75
2018.03.12 11:31:09.146,1.1687,1.16884,3.00,1.87
2018.03.12 11:31:09.250,1.1687,1.16884,1.87,3.19
2018.03.12 11:31:09.785,1.1687,1.16883,1.00,3.37
2018.03.12 11:31:10.327,1.16869,1.16883,2.25,3.37
2018.03.12 11:31:11.054,1.16871,1.16884,1.00,1.50
2018.03.12 11:31:12.160,1.1687,1.16883,1.00,1.69
2018.03.12 11:31:12.939,1.16871,1.16884,1.00,1.50
2018.03.12 11:31:13.148,1.16871,1.16885,1.12,2.44
2018.03.12 11:31:13.611,1.16871,1.16884,1.57,1.87
2018.03.12 11:31:14.117,1.16869,1.16883,2.62,3.19
2018.03.12 11:31:14.657,1.16869,1.16881,1.00,2.44
2018.03.12 11:31:17.431,1.16871,1.16883,1.00,1.37
2018.03.12 11:31:17.962,1.16871,1.16884,2.25,2.62
2018.03.12 11:31:18.774,1.16871,1.16884,2.25,3.19
2018.03.12 11:31:20.327,1.16872,1.16885,1.87,1.50
2018.03.12 11:31:20.793,1.16875,1.16886,1.00,1.00
2018.03.12 11:31:21.105,1.16873,1.16887,1.12,2.25
2018.03.12 11:31:21.946,1.16873,1.16887,1.12,1.69
2018.03.12 11:31:22.152,1.16873,1.16884,1.00,1.62
2018.03.12 11:31:23.200,1.16873,1.16886,1.00,1.69
2018.03.12 11:31:24.076,1.16873,1.16885,1.00,2.25
2018.03.12 11:31:24.623,1.16873,1.16884,1.00,1.56
2018.03.12 11:31:25.294,1.16873,1.16886,1.50,1.00
2018.03.12 11:31:25.448,1.16875,1.16886,1.00,1.00
2018.03.12 11:31:25.756,1.16876,1.16889,1.00,1.69
2018.03.12 11:31:26.174,1.16875,1.16888,1.00,1.69
2018.03.12 11:31:26.684,1.16875,1.16888,1.00,1.25
2018.03.12 11:31:27.553,1.16875,1.16888,1.00,1.87
2018.03.12 11:31:30.832,1.16874,1.16887,1.00,1.00
2018.03.12 11:31:31.539,1.16875,1.16889,1.00,3.56
2018.03.12 11:31:32.057,1.16875,1.16889,1.12,5.62
2018.03.12 11:31:33.093,1.16875,1.16888,1.00,1.69
2018.03.12 11:31:36.266,1.16875,1.16888,1.00,1.00
2018.03.12 11:31:39.293,1.16875,1.16888,1.12,2.25
2018.03.12 11:31:41.073,1.16873,1.16887,1.50,3.75
2018.03.12 11:31:41.393,1.16873,1.16883,1.50,1.00
2018.03.12 11:31:41.913,1.16872,1.16885,1.12,3.56
2018.03.12 11:31:42.469,1.16872,1.16884,1.00,1.56
2018.03.12 11:31:43.587,1.16872,1.16885,1.00,3.56
2018.03.12 11:31:44.123,1.16872,1.16884,1.00,1.19
2018.03.12 11:31:45.360,1.1687,1.16881,1.50,1.25
2018.03.12 11:31:45.566,1.16871,1.16884,1.00,1.69
2018.03.12 11:31:46.122,1.16871,1.16884,2.25,1.50
2018.03.12 11:31:46.959,1.16871,1.16884,2.25,2.25
2018.03.12 11:31:50.288,1.16872,1.16885,1.00,3.00
2018.03.12 11:31:50.341,1.16874,1.16887,1.12,2.70
2018.03.12 11:31:50.869,1.16874,1.16887,1.50,2.06
2018.03.12 11:31:52.175,1.16874,1.16887,1.00,2.62
2018.03.12 11:31:52.702,1.16874,1.16887,1.00,3.37
2018.03.12 11:31:53.649,1.16873,1.16885,1.00,1.62
2018.03.12 11:31:54.896,1.16871,1.16885,1.50,2.62
2018.03.12 11:31:58.052,1.16871,1.16884,1.50,2.62
2018.03.12 11:31:58.105,1.1687,1.16882,1.00,2.25
2018.03.12 11:31:59.970,1.16868,1.16881,2.81,1.25
2018.03.12 11:32:00.706,1.16868,1.16881,2.44,1.69
2018.03.12 11:32:04.411,1.1687,1.16883,2.96,1.87
2018.03.12 11:32:04.465,1.16871,1.16884,1.69,1.39
2018.03.12 11:32:04.518,1.16874,1.16884,1.00,1.00
2018.03.12 11:32:04.732,1.16874,1.16887,4.87,1.87
2018.03.12 11:32:04.783,1.16873,1.16885,1.10,2.44
2018.03.12 11:32:05.334,1.16873,1.16885,1.00,1.25
2018.03.12 11:32:05.881,1.16871,1.16884,1.50,1.12
2018.03.12 11:32:06.392,1.16871,1.16884,1.12,2.62
2018.03.12 11:32:06.940,1.16871,1.16884,1.12,2.62
2018.03.12 11:32:07.502,1.16871,1.16884,1.00,3.37
2018.03.12 11:32:08.661,1.16871,1.16883,1.00,1.81
2018.03.12 11:32:09.545,1.16869,1.16882,1.12,3.00
2018.03.12 11:32:09.649,1.16869,1.16879,1.12,1.00
2018.03.12 11:32:09.913,1.1687,1.16883,1.20,2.25
2018.03.12 11:32:10.489,1.16869,1.16883,2.77,1.87
2018.03.12 11:32:10.993,1.16869,1.16882,1.50,1.87
2018.03.12 11:32:11.560,1.1687,1.16883,1.00,2.44
2018.03.12 11:32:11.611,1.16872,1.16884,1.00,3.00
2018.03.12 11:32:11.864,1.1687,1.16882,1.00,1.00
2018.03.12 11:32:12.018,1.16873,1.16885,3.37,1.50
2018.03.12 11:32:12.070,1.16875,1.16887,3.75,1.10
2018.03.12 11:32:12.223,1.16875,1.16886,1.12,1.25
2018.03.12 11:32:12.400,1.16875,1.16886,1.00,1.50
2018.03.12 11:32:12.455,1.16875,1.16887,1.00,1.69
2018.03.12 11:32:12.557,1.16873,1.16887,2.25,4.12
2018.03.12 11:32:12.661,1.16873,1.16883,2.25,1.25
2018.03.12 11:32:12.950,1.16873,1.16886,2.25,1.87
2018.03.12 11:32:13.469,1.16873,1.16884,1.00,1.12
2018.03.12 11:32:13.522,1.16871,1.16884,1.50,1.50
2018.03.12 11:32:14.105,1.16871,1.16884,1.50,2.62
2018.03.12 11:32:14.950,1.16868,1.16879,1.57,1.00
2018.03.12 11:32:15.265,1.16868,1.16881,1.00,2.25
2018.03.12 11:32:15.369,1.16868,1.1688,1.00,1.44
2018.03.12 11:32:15.894,1.16868,1.1688,1.00,1.00
2018.03.12 11:32:16.201,1.16866,1.16877,1.00,1.00
2018.03.12 11:32:16.484,1.16867,1.16881,1.50,3.26
2018.03.12 11:32:17.000,1.16868,1.16881,1.12,1.00
2018.03.12 11:32:17.846,1.16868,1.1688,1.12,1.69
2018.03.12 11:32:18.377,1.16868,1.16881,1.12,1.00
2018.03.12 11:32:18.934,1.16868,1.16882,1.50,1.50
2018.03.12 11:32:19.648,1.1687,1.16883,1.00,3.19
2018.03.12 11:32:20.219,1.16871,1.16883,1.00,1.25
2018.03.12 11:32:21.823,1.1687,1.16883,1.00,2.62
2018.03.12 11:32:22.376,1.16869,1.16883,1.87,3.56
2018.03.12 11:32:22.483,1.16867,1.1688,2.70,1.00
2018.03.12 11:32:22.536,1.16867,1.1688,1.00,1.50
2018.03.12 11:32:24.311,1.16867,1.16881,1.00,3.37
2018.03.12 11:32:24.900,1.16872,1.16881,1.00,1.69
2018.03.12 11:32:25.300,1.16867,1.16881,4.69,1.37
2018.03.12 11:32:25.841,1.16866,1.16879,1.00,2.25
2018.03.12 11:32:26.389,1.16866,1.16879,1.00,3.37
2018.03.12 11:32:26.903,1.16866,1.1688,3.00,1.62
2018.03.12 11:32:27.007,1.16868,1.1688,1.00,1.31
2018.03.12 11:32:27.823,1.16866,1.1688,3.00,2.25
2018.03.12 11:32:28.362,1.16866,1.16879,1.50,1.25
2018.03.12 11:32:28.895,1.16866,1.16879,1.50,2.62
2018.03.12 11:32:29.973,1.16863,1.16876,3.82,1.00
2018.03.12 11:32:30.225,1.16863,1.16876,1.00,3.94
2018.03.12 11:32:31.900,1.16864,1.16875,1.00,1.00
2018.03.12 11:32:32.705,1.16865,1.16876,1.00,3.94
2018.03.12 11:32:33.608,1.16864,1.16876,1.00,4.12
2018.03.12 11:32:34.551,1.16863,1.16876,1.12,4.12
2018.03.12 11:32:34.771,1.16862,1.16873,1.12,1.00
2018.03.12 11:32:35.297,1.16861,1.16873,3.37,1.49
2018.03.12 11:32:36.325,1.16861,1.16872,1.00,1.00
2018.03.12 11:32:36.832,1.16863,1.16873,1.00,1.87
2018.03.12 11:32:37.335,1.16864,1.16874,1.00,1.37
2018.03.12 11:32:37.857,1.16862,1.16874,1.37,1.37
2018.03.12 11:32:38.387,1.16862,1.16874,1.12,2.06
2018.03.12 11:32:39.162,1.16861,1.16874,1.12,1.62
2018.03.12 11:32:39.703,1.16864,1.16873,1.00,1.12
2018.03.12 11:32:39.808,1.16863,1.16875,1.69,2.05
2018.03.12 11:32:39.967,1.16866,1.16878,1.00,3.19
2018.03.12 11:32:40.508,1.16865,1.16878,1.87,2.44
2018.03.12 11:32:40.817,1.16865,1.16877,1.00,1.37
2018.03.12 11:32:41.374,1.16865,1.16878,1.00,3.18
2018.03.12 11:32:44.845,1.16864,1.16877,1.50,1.00
2018.03.12 11:32:45.456,1.16868,1.16879,1.25,3.00
2018.03.12 11:32:45.508,1.16867,1.1688,1.87,1.57
2018.03.12 11:32:45.666,1.16869,1.16881,2.06,1.12
2018.03.12 11:32:45.769,1.16868,1.1688,1.12,1.49
2018.03.12 11:32:49.595,1.16868,1.16881,2.25,1.25
2018.03.12 11:32:50.310,1.16868,1.16881,1.12,2.62
2018.03.12 11:32:52.291,1.16869,1.16881,1.00,1.69
2018.03.12 11:32:52.837,1.16869,1.16882,1.00,1.69
2018.03.12 11:32:53.347,1.16869,1.16882,1.87,1.69
2018.03.12 11:32:53.914,1.16869,1.16882,1.87,2.06
2018.03.12 11:32:54.435,1.16868,1.16881,1.87,2.62
2018.03.12 11:32:56.807,1.16868,1.1688,1.87,1.87
2018.03.12 11:32:57.020,1.16866,1.16879,1.12,2.44
2018.03.12 11:32:57.906,1.16867,1.1688,1.00,2.81
2018.03.12 11:32:57.999,1.16867,1.1688,1.37,2.06
2018.03.12 11:32:58.511,1.16869,1.16881,1.00,1.00
2018.03.12 11:33:00.304,1.16869,1.16882,1.50,2.25
2018.03.12 11:33:01.015,1.1687,1.16882,1.00,1.31
2018.03.12 11:33:01.688,1.16869,1.16882,1.50,1.87
2018.03.12 11:33:02.202,1.16869,1.16881,1.37,1.50
2018.03.12 11:33:02.716,1.16869,1.16882,1.37,1.81
2018.03.12 11:33:03.236,1.16869,1.16882,1.12,1.69
2018.03.12 11:33:03.989,1.16869,1.16882,2.25,1.69
2018.03.12 11:33:04.581,1.16871,1.16882,1.50,1.00
2018.03.12 11:33:05.098,1.1687,1.16882,1.00,1.00
2018.03.12 11:33:08.867,1.1687,1.16882,1.67,1.00
2018.03.12 11:33:10.500,1.16871,1.16883,1.05,3.19
2018.03.12 11:33:11.011,1.16871,1.16883,1.05,3.19
2018.03.12 11:33:11.614,1.16871,1.16883,1.05,3.19
2018.03.12 11:33:13.286,1.16871,1.16883,1.00,1.69
2018.03.12 11:33:13.595,1.16869,1.16882,2.17,1.87
2018.03.12 11:33:14.500,1.1687,1.16882,1.05,1.50
2018.03.12 11:33:15.678,1.1687,1.16881,1.00,1.25
2018.03.12 11:33:16.045,1.16867,1.16879,2.25,1.00
2018.03.12 11:33:16.406,1.16866,1.16879,1.00,3.37
2018.03.12 11:33:16.612,1.16863,1.16876,1.87,1.31
2018.03.12 11:33:16.663,1.16863,1.16876,1.12,2.44
2018.03.12 11:33:18.015,1.16863,1.16876,1.00,5.44
2018.03.12 11:33:19.114,1.16863,1.16875,1.00,1.00
2018.03.12 11:33:21.305,1.16863,1.16875,1.00,1.69
2018.03.12 11:33:21.755,1.16861,1.16873,1.00,1.31
2018.03.12 11:33:22.411,1.16862,1.16874,1.67,1.69
2018.03.12 11:33:22.668,1.16864,1.16876,3.30,2.32
2018.03.12 11:33:23.156,1.16865,1.16879,2.55,3.37
2018.03.12 11:33:24.268,1.16867,1.16879,4.50,3.19
2018.03.12 11:33:24.554,1.16866,1.16879,1.00,2.44
2018.03.12 11:33:26.713,1.16865,1.16879,4.24,2.06
2018.03.12 11:33:28.095,1.16865,1.16879,3.37,3.00
2018.03.12 11:33:28.148,1.16865,1.16879,1.87,4.87
2018.03.12 11:33:32.117,1.16865,1.16878,2.62,1.31
2018.03.12 11:33:33.267,1.16866,1.16878,1.00,1.37
2018.03.12 11:33:34.445,1.16865,1.16878,2.62,1.12
2018.03.12 11:33:35.697,1.16865,1.16878,2.25,1.62
2018.03.12 11:33:36.888,1.16865,1.16878,2.62,1.12
2018.03.12 11:33:39.055,1.16866,1.16879,1.00,2.44
2018.03.12 11:33:39.586,1.16867,1.16879,1.00,1.50
2018.03.12 11:33:40.200,1.16867,1.1688,1.12,1.50
2018.03.12 11:33:40.728,1.16868,1.1688,1.00,1.69
2018.03.12 11:33:41.246,1.16867,1.1688,1.00,3.19
2018.03.12 11:33:42.754,1.16867,1.1688,2.10,1.00
2018.03.12 11:33:43.296,1.16867,1.16881,5.62,2.06
2018.03.12 11:33:43.896,1.16868,1.16881,1.12,2.44
2018.03.12 11:33:44.861,1.16868,1.16881,1.12,4.12
2018.03.12 11:33:46.193,1.16868,1.16881,1.12,2.44
2018.03.12 11:33:47.336,1.16868,1.16881,1.37,2.06
2018.03.12 11:33:57.480,1.16868,1.1688,1.37,1.00
2018.03.12 11:33:57.759,1.16864,1.16877,3.00,1.00
2018.03.12 11:33:57.967,1.16862,1.16875,1.95,1.12
2018.03.12 11:33:58.295,1.16868,1.1688,2.02,2.44
2018.03.12 11:33:58.810,1.16869,1.16882,1.69,3.94
2018.03.12 11:33:59.337,1.1687,1.16882,1.00,3.00
2018.03.12 11:33:59.592,1.16871,1.16884,1.12,1.88
2018.03.12 11:34:02.027,1.1687,1.16884,2.63,3.19
2018.03.12 11:34:02.625,1.1687,1.16881,1.00,1.00
2018.03.12 11:34:03.308,1.16869,1.16881,1.00,1.50
2018.03.12 11:34:06.736,1.16869,1.16882,2.06,2.81
2018.03.12 11:34:08.588,1.16871,1.16884,1.00,2.44
2018.03.12 11:34:09.183,1.1687,1.16882,1.00,1.12
2018.03.12 11:34:09.494,1.1687,1.16884,1.69,3.38
2018.03.12 11:34:09.752,1.16872,1.16885,2.44,1.50
2018.03.12 11:34:09.908,1.16874,1.16887,2.25,2.06
2018.03.12 11:34:10.450,1.16875,1.16889,2.25,3.38
2018.03.12 11:34:11.546,1.16875,1.16886,1.37,1.12
2018.03.12 11:34:12.056,1.16875,1.16888,3.19,2.44
2018.03.12 11:34:12.592,1.16875,1.16887,3.19,1.00
2018.03.12 11:34:13.140,1.16875,1.16886,2.25,1.00
2018.03.12 11:34:13.660,1.16873,1.16886,3.38,1.44
2018.03.12 11:34:14.250,1.16873,1.16886,2.63,1.31
2018.03.12 11:34:14.471,1.16873,1.16886,2.25,1.88
2018.03.12 11:34:16.066,1.16873,1.16885,1.88,1.00
2018.03.12 11:34:16.298,1.16871,1.16882,2.85,1.50
2018.03.12 11:34:16.611,1.16874,1.16886,2.21,1.12
2018.03.12 11:34:16.662,1.16877,1.16891,2.44,6.75
2018.03.12 11:34:16.816,1.16877,1.16887,1.00,2.25
2018.03.12 11:34:16.868,1.16873,1.16885,1.57,1.50
2018.03.12 11:34:16.973,1.16873,1.16885,1.12,1.50
2018.03.12 11:34:18.820,1.16874,1.16885,2.25,1.00
2018.03.12 11:34:19.651,1.16874,1.16886,1.50,1.88
2018.03.12 11:34:20.342,1.16874,1.16886,2.25,2.81
2018.03.12 11:34:21.625,1.16875,1.16886,2.25,1.69
2018.03.12 11:34:21.974,1.16873,1.16885,1.12,1.87
2018.03.12 11:34:22.492,1.16872,1.16884,1.12,2.44
2018.03.12 11:34:23.433,1.16872,1.16883,1.00,1.13
2018.03.12 11:34:23.986,1.16871,1.16883,1.25,1.13
2018.03.12 11:34:24.487,1.1687,1.16883,2.06,1.87
2018.03.12 11:34:25.916,1.1687,1.16883,2.06,3.56
2018.03.12 11:34:26.318,1.16871,1.16885,2.63,3.94
2018.03.12 11:34:26.927,1.16872,1.16885,1.00,2.81
2018.03.12 11:34:27.782,1.16872,1.16885,1.38,1.25
2018.03.12 11:34:28.301,1.16872,1.16885,1.00,3.38
2018.03.12 11:34:31.653,1.16871,1.16883,1.69,1.37
2018.03.12 11:34:31.860,1.16873,1.16885,1.00,1.00
2018.03.12 11:34:31.912,1.16875,1.16887,1.12,1.12
2018.03.12 11:34:33.050,1.16875,1.16887,1.00,2.25
2018.03.12 11:34:37.224,1.16873,1.16886,3.00,1.50
2018.03.12 11:34:41.212,1.16873,1.16884,1.12,1.37
2018.03.12 11:34:41.750,1.16873,1.16885,1.12,1.81
2018.03.12 11:34:48.413,1.16871,1.16883,1.12,1.12
2018.03.12 11:34:48.939,1.1687,1.16882,1.12,1.00
2018.03.12 11:34:49.198,1.16873,1.16885,1.12,2.51
2018.03.12 11:34:49.509,1.16873,1.16886,3.38,1.25
2018.03.12 11:34:49.667,1.16873,1.16885,1.69,1.00
2018.03.12 11:34:50.333,1.16873,1.16884,1.31,1.00
2018.03.12 11:34:53.975,1.16873,1.16885,1.00,1.13
2018.03.12 11:34:54.501,1.16872,1.16885,3.00,1.25
2018.03.12 11:34:57.449,1.16872,1.16886,1.50,3.38
2018.03.12 11:34:57.988,1.16872,1.16885,1.88,1.13
2018.03.12 11:34:58.596,1.16872,1.16885,1.88,1.25
2018.03.12 11:34:59.196,1.16872,1.16885,1.88,1.13
2018.03.12 11:35:01.122,1.16872,1.16885,1.69,1.44
2018.03.12 11:35:02.056,1.16872,1.16885,2.63,1.25
2018.03.12 11:35:02.592,1.16871,1.16884,2.25,1.50
2018.03.12 11:35:02.900,1.16869,1.16882,1.87,1.25
2018.03.12 11:35:03.443,1.16869,1.16881,1.00,2.25
2018.03.12 11:35:04.073,1.1687,1.16882,1.78,1.25
2018.03.12 11:35:04.282,1.16875,1.16888,2.78,1.00
2018.03.12 11:35:04.334,1.16876,1.16889,1.87,3.07
2018.03.12 11:35:05.196,1.16876,1.16889,1.69,1.50
2018.03.12 11:35:05.503,1.16869,1.16883,3.08,3.94
2018.03.12 11:35:06.502,1.16869,1.16882,1.87,1.00
2018.03.12 11:35:07.019,1.16869,1.16882,1.88,3.00
2018.03.12 11:35:10.109,1.16868,1.1688,1.50,1.69
2018.03.12 11:35:10.671,1.16867,1.16879,1.00,1.62
2018.03.12 11:35:13.900,1.16867,1.1688,1.13,1.50
2018.03.12 11:35:14.237,1.16868,1.1688,2.25,1.37
2018.03.12 11:35:14.822,1.16868,1.1688,2.06,1.37
2018.03.12 11:35:15.933,1.16868,1.1688,1.62,1.37
2018.03.12 11:35:16.464,1.16868,1.1688,1.31,1.37
2018.03.12 11:35:17.006,1.16868,1.1688,1.31,1.37
2018.03.12 11:35:18.224,1.16868,1.1688,1.50,1.37
2018.03.12 11:35:18.854,1.16868,1.1688,1.50,1.37
2018.03.12 11:35:21.472,1.16867,1.16878,1.00,1.87
2018.03.12 11:35:21.525,1.16864,1.16876,1.87,1.00
2018.03.12 11:35:21.616,1.16864,1.16875,1.00,1.37
2018.03.12 11:35:22.691,1.16862,1.16875,1.88,2.25
2018.03.12 11:35:23.456,1.16862,1.16874,1.50,1.37
2018.03.12 11:35:25.569,1.1686,1.16872,1.12,1.00
2018.03.12 11:35:26.079,1.1686,1.16872,1.00,1.50
2018.03.12 11:35:26.635,1.16857,1.1687,2.25,1.00
2018.03.12 11:35:26.840,1.16856,1.1687,1.81,4.50
2018.03.12 11:35:26.965,1.16855,1.16868,2.77,1.00
2018.03.12 11:35:27.118,1.16855,1.16868,3.15,1.00
2018.03.12 11:35:27.623,1.16855,1.16868,3.15,1.00
2018.03.12 11:35:28.147,1.16856,1.16869,1.28,1.69
2018.03.12 11:35:28.697,1.16855,1.16869,1.47,2.44
2018.03.12 11:35:30.255,1.16855,1.16867,1.38,1.37
2018.03.12 11:35:30.758,1.16855,1.16868,1.38,2.25
2018.03.12 11:35:31.371,1.16856,1.16869,1.75,1.37
2018.03.12 11:35:31.633,1.16858,1.16871,1.00,1.50
2018.03.12 11:35:31.686,1.1686,1.16871,1.25,1.50
2018.03.12 11:35:31.998,1.16858,1.16871,1.00,2.63
2018.03.12 11:35:32.594,1.16856,1.1687,2.33,1.50
2018.03.12 11:35:35.718,1.16857,1.16871,2.81,1.63
2018.03.12 11:35:36.247,1.16858,1.16872,2.25,1.50
2018.03.12 11:35:37.088,1.16859,1.16872,1.25,1.88
2018.03.12 11:35:37.454,1.16856,1.16869,2.51,1.50
2018.03.12 11:35:37.826,1.16855,1.16868,1.13,1.62
2018.03.12 11:35:38.623,1.16855,1.16868,1.25,2.44
2018.03.12 11:35:39.705,1.16855,1.16868,1.38,1.37
2018.03.12 11:35:39.886,1.16856,1.16869,1.50,1.00
2018.03.12 11:35:43.896,1.16856,1.16868,1.88,1.37
2018.03.12 11:35:47.224,1.16856,1.16869,1.50,1.50
2018.03.12 11:35:48.527,1.16861,1.16873,1.12,2.32
2018.03.12 11:35:48.857,1.16863,1.16874,1.12,2.06
2018.03.12 11:35:51.064,1.16864,1.16874,1.00,1.37
2018.03.12 11:35:51.591,1.16863,1.16875,3.60,2.25
2018.03.12 11:35:52.129,1.16863,1.16875,3.98,1.87
2018.03.12 11:35:55.684,1.16864,1.16876,1.91,2.62
2018.03.12 11:36:00.493,1.16863,1.16874,1.69,1.00
2018.03.12 11:36:00.827,1.16862,1.16873,2.25,1.37
2018.03.12 11:36:00.879,1.16863,1.16874,1.50,1.31
2018.03.12 11:36:00.981,1.16864,1.16877,2.25,2.25
2018.03.12 11:36:01.523,1.16866,1.16879,1.25,3.94
2018.03.12 11:36:02.031,1.16867,1.16879,1.00,2.63
2018.03.12 11:36:04.458,1.16867,1.16879,1.00,1.69
2018.03.12 11:36:04.991,1.16867,1.16879,1.12,1.50
2018.03.12 11:36:05.502,1.16865,1.16877,1.88,1.12
2018.03.12 11:36:06.012,1.16866,1.16878,1.25,1.91
2018.03.12 11:36:06.586,1.16867,1.16879,2.10,1.12
2018.03.12 11:36:06.641,1.16867,1.16877,1.25,1.00
2018.03.12 11:36:06.743,1.16865,1.16876,1.12,1.88
2018.03.12 11:36:06.830,1.16864,1.16874,1.20,1.00
2018.03.12 11:36:06.983,1.16864,1.16876,1.12,2.06
2018.03.12 11:36:08.490,1.16864,1.16875,1.00,1.00
2018.03.12 11:36:09.131,1.16864,1.16876,1.31,1.50
2018.03.12 11:36:09.237,1.16865,1.16876,2.29,1.50
2018.03.12 11:36:09.928,1.16865,1.16876,1.73,1.50
2018.03.12 11:36:10.246,1.16867,1.16877,1.35,1.12
2018.03.12 11:36:10.844,1.16866,1.16877,1.73,1.12
2018.03.12 11:36:11.369,1.16865,1.16877,3.41,1.00
2018.03.12 11:36:14.129,1.16865,1.16878,3.60,1.50
2018.03.12 11:36:14.872,1.16865,1.16877,3.98,1.00
2018.03.12 11:36:15.386,1.16865,1.16878,1.12,1.50
2018.03.12 11:36:15.909,1.16865,1.16877,1.13,2.25
2018.03.12 11:36:16.536,1.16865,1.16875,1.13,1.00
2018.03.12 11:36:18.010,1.16864,1.16877,1.63,2.62
2018.03.12 11:36:18.689,1.16865,1.16877,1.50,1.12
2018.03.12 11:36:19.426,1.16865,1.16877,1.00,2.63
2018.03.12 11:36:19.684,1.16863,1.16875,1.50,1.12
2018.03.12 11:36:19.790,1.16863,1.16876,5.63,2.44
2018.03.12 11:36:20.315,1.16865,1.16878,1.50,4.69
2018.03.12 11:36:20.858,1.16866,1.16878,1.00,3.00
2018.03.12 11:36:21.377,1.16866,1.16878,2.25,1.25
2018.03.12 11:36:21.913,1.16867,1.16878,1.13,1.00
2018.03.12 11:36:22.432,1.16867,1.1688,3.79,1.88
2018.03.12 11:36:22.737,1.16869,1.1688,1.37,1.00
2018.03.12 11:36:23.469,1.16867,1.1688,4.16,1.00
2018.03.12 11:36:24.005,1.16867,1.1688,3.60,1.00
2018.03.12 11:36:24.949,1.16869,1.16881,1.12,1.12
2018.03.12 11:36:25.500,1.1687,1.16882,1.00,2.44
2018.03.12 11:36:26.012,1.1687,1.16882,2.06,1.00
2018.03.12 11:36:26.781,1.16871,1.16883,1.31,1.31
2018.03.12 11:36:27.092,1.16867,1.1688,1.87,2.25
2018.03.12 11:36:28.150,1.16867,1.16878,1.00,1.00
2018.03.12 11:36:28.453,1.16868,1.1688,1.31,1.50
2018.03.12 11:36:28.818,1.16869,1.16882,1.50,2.06
2018.03.12 11:36:29.985,1.16869,1.16882,1.50,2.63
2018.03.12 11:36:30.879,1.16869,1.1688,1.12,1.00
2018.03.12 11:36:31.183,1.16865,1.16876,1.50,1.00
2018.03.12 11:36:32.156,1.16864,1.16876,1.69,1.00
2018.03.12 11:36:36.220,1.16864,1.16876,1.25,1.87
2018.03.12 11:36:37.092,1.16863,1.16874,1.50,1.00
2018.03.12 11:36:37.763,1.16863,1.16874,1.00,1.69
2018.03.12 11:36:38.129,1.16862,1.16872,1.12,1.00
2018.03.12 11:36:38.181,1.16862,1.16874,1.37,1.00
2018.03.12 11:36:38.336,1.16866,1.16877,1.00,1.50
2018.03.12 11:36:39.500,1.16866,1.16878,1.00,1.50
2018.03.12 11:36:41.877,1.16866,1.16877,1.00,1.00
2018.03.12 11:36:45.929,1.16864,1.16877,1.87,1.69
2018.03.12 11:36:46.567,1.16866,1.16877,1.00,1.50
2018.03.12 11:36:47.700,1.16866,1.16878,1.00,1.50
2018.03.12 11:36:48.943,1.16864,1.16876,3.00,1.00
2018.03.12 11:36:48.997,1.16864,1.16877,1.50,2.62
2018.03.12 11:36:49.672,1.16864,1.16875,1.12,1.00
2018.03.12 11:36:53.020,1.16864,1.16873,1.00,1.00
2018.03.12 11:36:53.072,1.16862,1.16874,1.50,1.00
2018.03.12 11:36:53.614,1.16862,1.16873,1.12,1.00
2018.03.12 11:36:54.194,1.16862,1.16874,1.00,1.69
2018.03.12 11:36:57.021,1.16862,1.16873,1.00,1.12
2018.03.12 11:36:58.830,1.16862,1.16874,1.00,1.50
2018.03.12 11:36:59.141,1.16862,1.16876,7.72,3.19
2018.03.12 11:37:00.640,1.16862,1.16874,2.06,1.00
2018.03.12 11:37:04.740,1.16862,1.16874,1.19,1.00
2018.03.12 11:37:06.417,1.16862,1.16875,1.31,1.50
2018.03.12 11:37:06.681,1.16863,1.16876,2.44,1.12
2018.03.12 11:37:06.785,1.16862,1.16875,1.12,3.19
2018.03.12 11:37:16.154,1.16862,1.16875,1.87,1.50
2018.03.12 11:37:17.610,1.16862,1.16875,2.25,1.31
2018.03.12 11:37:18.754,1.16862,1.16875,1.87,1.69
2018.03.12 11:37:20.139,1.16862,1.16875,1.87,1.12
2018.03.12 11:37:21.467,1.16864,1.16875,1.00,1.12
2018.03.12 11:37:22.275,1.16863,1.16874,1.12,1.37
2018.03.12 11:37:27.973,1.16861,1.16873,1.12,1.12
2018.03.12 11:37:30.123,1.16861,1.16873,1.00,2.25
2018.03.12 11:37:30.654,1.1686,1.16872,1.12,1.50
2018.03.12 11:37:34.767,1.1686,1.16872,1.12,1.87
2018.03.12 11:37:40.400,1.1686,1.16872,1.50,1.00
2018.03.12 11:37:40.857,1.1686,1.1687,1.00,1.00
2018.03.12 11:37:41.697,1.16858,1.1687,2.06,1.13
2018.03.12 11:37:42.215,1.16858,1.16871,1.87,3.00
2018.03.12 11:37:43.109,1.16858,1.1687,1.00,2.63
2018.03.12 11:37:43.246,1.16856,1.16867,1.00,1.00
2018.03.12 11:37:43.801,1.16853,1.16865,1.47,4.13
2018.03.12 11:37:43.907,1.16851,1.16864,2.29,2.81
2018.03.12 11:37:44.829,1.16851,1.16863,1.12,1.50
2018.03.12 11:37:45.348,1.16851,1.16862,1.00,1.44
2018.03.12 11:37:45.896,1.16851,1.16862,1.00,1.13
2018.03.12 11:37:58.262,1.16853,1.16864,1.00,1.63
2018.03.12 11:37:58.314,1.16853,1.16865,1.12,1.44
2018.03.12 11:38:00.487,1.16851,1.16863,1.12,2.06
2018.03.12 11:38:01.136,1.1685,1.16862,1.00,1.31
2018.03.12 11:38:02.654,1.16848,1.16861,3.07,2.44
2018.03.12 11:38:02.708,1.16848,1.1686,2.32,1.69
2018.03.12 11:38:03.249,1.16848,1.1686,1.12,1.37
2018.03.12 11:38:03.762,1.16848,1.16861,1.31,1.50
2018.03.12 11:38:04.041,1.16849,1.16862,1.00,1.12
2018.03.12 11:38:04.591,1.1685,1.16862,1.00,1.12
2018.03.12 11:38:05.261,1.1685,1.16862,1.00,1.37
2018.03.12 11:38:07.361,1.1685,1.16862,1.00,1.12
2018.03.12 11:38:08.952,1.16849,1.16862,1.50,1.00
2018.03.12 11:38:09.530,1.1685,1.16862,1.00,1.25
2018.03.12 11:38:11.650,1.1685,1.16862,1.00,2.62
2018.03.12 11:38:12.166,1.1685,1.16861,1.00,3.19
2018.03.12 11:38:13.375,1.1685,1.16862,1.00,1.00
2018.03.12 11:38:20.015,1.16849,1.16862,1.00,1.50
2018.03.12 11:38:20.067,1.16848,1.1686,1.00,1.25
2018.03.12 11:38:20.373,1.16848,1.16857,1.00,1.00
2018.03.12 11:38:20.529,1.16847,1.1686,1.00,2.62
2018.03.12 11:38:21.854,1.16847,1.1686,1.00,3.75
2018.03.12 11:38:24.557,1.16848,1.1686,1.00,1.12
2018.03.12 11:38:25.658,1.16848,1.16861,1.50,1.25
2018.03.12 11:38:26.610,1.1685,1.16861,1.00,1.00
2018.03.12 11:38:27.161,1.1685,1.16862,1.00,1.00
2018.03.12 11:38:27.467,1.16852,1.16864,1.31,1.50
2018.03.12 11:38:27.724,1.16853,1.16865,1.00,1.12
2018.03.12 11:38:30.340,1.16853,1.16865,1.69,1.00
2018.03.12 11:38:30.876,1.16854,1.16867,2.81,2.25
2018.03.12 11:38:31.977,1.16854,1.16867,2.44,1.87
2018.03.12 11:38:32.923,1.16853,1.16866,1.87,2.25
2018.03.12 11:38:33.267,1.1685,1.16862,1.88,1.12
2018.03.12 11:38:33.801,1.1685,1.16861,1.87,1.00
2018.03.12 11:38:34.615,1.1685,1.16863,2.25,3.19
2018.03.12 11:38:34.929,1.16853,1.16865,1.00,3.19
2018.03.12 11:38:35.400,1.16851,1.16862,1.87,1.00
2018.03.12 11:38:35.453,1.16851,1.16862,1.00,1.12
2018.03.12 11:38:37.427,1.16851,1.16862,1.44,1.00
2018.03.12 11:38:37.939,1.16851,1.16862,1.13,1.00
2018.03.12 11:38:38.787,1.16851,1.1686,1.13,1.00
2018.03.12 11:38:39.000,1.16849,1.1686,1.00,2.25
2018.03.12 11:38:39.053,1.16847,1.1686,1.20,2.44
2018.03.12 11:38:40.499,1.16847,1.1686,2.25,1.50
2018.03.12 11:38:41.046,1.16847,1.1686,1.50,1.50
2018.03.12 11:38:42.117,1.16847,1.1686,1.12,2.25
2018.03.12 11:38:42.433,1.16846,1.16857,1.00,1.50
2018.03.12 11:38:42.657,1.16847,1.1686,1.50,5.06
2018.03.12 11:38:43.334,1.16848,1.1686,1.25,1.87
2018.03.12 11:38:43.852,1.16848,1.16861,2.44,2.06
2018.03.12 11:38:46.291,1.16849,1.1686,1.00,3.75
2018.03.12 11:38:46.343,1.16844,1.16856,1.20,3.37
2018.03.12 11:38:46.396,1.16841,1.16848,1.00,1.37
2018.03.12 11:38:46.447,1.16838,1.16847,1.00,1.00
2018.03.12 11:38:46.500,1.16834,1.16847,3.12,2.25
2018.03.12 11:38:48.851,1.16833,1.16846,1.33,4.12
2018.03.12 11:38:50.775,1.16833,1.16846,2.27,1.12
2018.03.12 11:38:54.424,1.16836,1.1685,1.70,1.87
2018.03.12 11:38:55.146,1.16837,1.1685,1.00,2.06
2018.03.12 11:38:56.241,1.16836,1.1685,1.39,2.24
2018.03.12 11:38:57.022,1.16835,1.16848,2.45,1.00
2018.03.12 11:38:59.696,1.16835,1.16848,1.45,2.25
2018.03.12 11:39:00.878,1.16835,1.16848,3.95,1.00
2018.03.12 11:39:01.235,1.16837,1.1685,1.69,1.50
2018.03.12 11:39:01.286,1.16838,1.16851,1.25,1.95
2018.03.12 11:39:01.799,1.16836,1.1685,2.02,1.69
2018.03.12 11:39:03.017,1.16835,1.16849,5.15,1.00
2018.03.12 11:39:03.525,1.16835,1.16848,1.70,1.00
2018.03.12 11:39:04.057,1.16835,1.16848,4.10,1.00
2018.03.12 11:39:04.560,1.16837,1.1685,1.00,2.81
2018.03.12 11:39:05.679,1.16836,1.1685,1.33,2.62
2018.03.12 11:39:06.215,1.16837,1.16852,2.96,3.00
2018.03.12 11:39:06.948,1.16839,1.16852,1.00,1.88
2018.03.12 11:39:08.424,1.16838,1.16851,1.50,1.13
2018.03.12 11:39:10.199,1.16838,1.16851,1.50,1.25
2018.03.12 11:39:11.167,1.1684,1.16852,1.28,1.50
2018.03.12 11:39:11.218,1.1684,1.16853,2.21,1.50
2018.03.12 11:39:11.800,1.1684,1.16853,1.12,1.88
2018.03.12 11:39:12.474,1.16839,1.16853,2.77,2.25
2018.03.12 11:39:13.369,1.1684,1.16853,1.18,2.06
2018.03.12 11:39:13.766,1.16839,1.16852,1.50,2.25
2018.03.12 11:39:14.303,1.16839,1.1685,1.00,1.13
2018.03.12 11:39:14.818,1.16839,1.1685,1.00,1.44
2018.03.12 11:39:18.156,1.16839,1.16851,1.00,2.44
2018.03.12 11:39:19.736,1.16837,1.1685,2.62,1.00
2018.03.12 11:39:20.414,1.16837,1.1685,1.12,2.62
2018.03.12 11:39:20.749,1.16834,1.16845,1.49,1.00
2018.03.12 11:39:21.457,1.16834,1.16846,1.83,1.00
2018.03.12 11:39:21.950,1.16836,1.16849,1.89,1.87
2018.03.12 11:39:22.728,1.16836,1.16849,1.58,1.50
2018.03.12 11:39:23.774,1.16836,1.16849,2.83,1.12
2018.03.12 11:39:25.116,1.16838,1.16851,1.50,2.25
2018.03.12 11:39:30.725,1.16838,1.16851,1.50,3.00
2018.03.12 11:39:31.237,1.16838,1.16851,1.49,1.87
2018.03.12 11:39:31.819,1.16838,1.16851,1.49,1.87
2018.03.12 11:39:33.396,1.16838,1.16851,1.49,2.25
2018.03.12 11:39:35.847,1.16838,1.16851,1.68,2.06
2018.03.12 11:39:36.056,1.16839,1.16852,3.38,1.25
2018.03.12 11:39:36.603,1.16841,1.16852,1.00,1.69
2018.03.12 11:39:37.110,1.16839,1.16852,1.87,1.87
2018.03.12 11:39:37.651,1.16839,1.16852,1.50,2.06
2018.03.12 11:39:42.021,1.16839,1.16852,2.44,1.13
2018.03.12 11:39:42.186,1.16839,1.16852,2.44,1.00
2018.03.12 11:39:43.161,1.16841,1.16854,1.50,2.25
2018.03.12 11:39:44.197,1.16839,1.16852,2.33,2.25
2018.03.12 11:39:44.407,1.16836,1.16847,1.70,1.25
2018.03.12 11:39:44.806,1.16838,1.1685,2.25,1.00
2018.03.12 11:39:51.116,1.16838,1.16851,1.31,3.56
2018.03.12 11:39:53.360,1.16837,1.1685,1.31,3.94
2018.03.12 11:39:53.721,1.16837,1.16848,1.00,1.50
2018.03.12 11:39:54.264,1.16835,1.16847,2.27,1.12
2018.03.12 11:39:57.091,1.16835,1.16847,1.33,2.62
2018.03.12 11:39:57.967,1.16835,1.16847,1.33,2.62
2018.03.12 11:40:00.111,1.16835,1.16846,1.33,1.00
2018.03.12 11:40:00.398,1.16837,1.16849,2.63,1.00
2018.03.12 11:40:00.952,1.16839,1.1685,1.00,1.12
2018.03.12 11:40:01.464,1.16839,1.16849,1.00,1.00
2018.03.12 11:40:02.262,1.16838,1.16849,1.25,1.00
2018.03.12 11:40:04.087,1.16838,1.16851,1.50,3.75
2018.03.12 11:40:05.181,1.16839,1.16851,1.13,2.44
2018.03.12 11:40:06.374,1.16839,1.1685,1.50,1.00
2018.03.12 11:40:06.885,1.16839,1.1685,1.31,1.00
2018.03.12 11:40:07.418,1.16839,1.16849,1.00,1.00
2018.03.12 11:40:11.838,1.16838,1.16849,1.25,1.00
2018.03.12 11:40:12.587,1.16837,1.1685,2.44,1.50
2018.03.12 11:40:13.114,1.16839,1.1685,1.50,1.00
2018.03.12 11:40:17.315,1.16837,1.1685,2.06,1.12
2018.03.12 11:40:19.558,1.16837,1.1685,2.25,1.69
2018.03.12 11:40:20.097,1.16837,1.1685,3.94,1.00
2018.03.12 11:40:20.647,1.16835,1.16846,3.37,2.06
2018.03.12 11:40:20.699,1.16835,1.16846,1.50,1.62
2018.03.12 11:40:20.854,1.16835,1.16848,2.63,2.06
2018.03.12 11:40:21.378,1.16835,1.16847,1.00,3.56
2018.03.12 11:40:27.272,1.16835,1.16847,1.13,2.62
2018.03.12 11:40:30.676,1.16835,1.16848,2.25,3.00
2018.03.12 11:40:31.389,1.16835,1.16848,2.44,2.81
2018.03.12 11:40:32.264,1.16835,1.16847,2.44,1.50
2018.03.12 11:40:32.317,1.16835,1.16846,1.50,1.37
2018.03.12 11:40:33.466,1.16835,1.16847,1.50,1.50
2018.03.12 11:40:34.105,1.16833,1.16845,2.25,1.87
2018.03.12 11:40:34.263,1.16833,1.16846,1.50,2.06
2018.03.12 11:40:35.005,1.16834,1.16845,1.37,1.00
2018.03.12 11:40:35.588,1.16834,1.16847,2.06,3.19
2018.03.12 11:40:36.318,1.16835,1.16848,1.50,2.44
2018.03.12 11:40:36.844,1.16835,1.16848,1.00,2.62
2018.03.12 11:40:37.437,1.16835,1.16848,1.31,2.81
2018.03.12 11:40:38.354,1.16836,1.16848,1.25,1.12
2018.03.12 11:40:38.890,1.16837,1.1685,2.25,3.00
2018.03.12 11:40:41.541,1.16837,1.16849,1.00,2.44
2018.03.12 11:40:42.815,1.16835,1.16848,2.96,1.12
2018.03.12 11:40:43.178,1.16835,1.16846,1.37,1.00
2018.03.12 11:40:43.542,1.16833,1.16844,2.00,1.50
2018.03.12 11:40:44.067,1.16833,1.16846,1.62,3.19
2018.03.12 11:40:45.758,1.16832,1.16845,7.31,2.62
2018.03.12 11:40:46.908,1.16833,1.16846,1.69,5.06
2018.03.12 11:40:48.379,1.16833,1.16846,1.87,2.44
2018.03.12 11:40:48.537,1.16835,1.16848,2.44,1.50
2018.03.12 11:40:49.070,1.16837,1.16849,1.25,1.00
2018.03.12 11:40:49.576,1.16837,1.1685,1.69,2.25
2018.03.12 11:40:50.082,1.16837,1.1685,1.12,2.25
2018.03.12 11:40:52.034,1.16836,1.16849,1.88,1.69
2018.03.12 11:40:53.357,1.16838,1.16849,1.00,1.25
2018.03.12 11:40:53.568,1.1684,1.16852,1.00,2.06
2018.03.12 11:40:54.019,1.16842,1.16852,1.00,1.00
2018.03.12 11:40:54.335,1.16845,1.16856,1.00,1.95
2018.03.12 11:40:54.493,1.16847,1.16858,1.00,3.19
2018.03.12 11:40:55.058,1.16847,1.16857,1.00,1.25
2018.03.12 11:40:56.033,1.16845,1.16858,4.31,1.00
2018.03.12 11:40:56.342,1.16848,1.16861,1.12,1.88
2018.03.12 11:40:57.073,1.16848,1.16861,1.50,1.50
2018.03.12 11:40:58.120,1.16848,1.16861,1.50,1.12
2018.03.12 11:40:58.720,1.16848,1.16861,1.00,2.25
2018.03.12 11:40:59.225,1.16847,1.1686,1.37,1.50
2018.03.12 11:40:59.571,1.16847,1.1686,1.00,2.06
2018.03.12 11:40:59.624,1.16847,1.1686,1.00,2.25
2018.03.12 11:41:00.612,1.16846,1.16858,1.00,1.00
2018.03.12 11:41:02.157,1.16846,1.16859,4.95,1.00
2018.03.12 11:41:02.701,1.16847,1.16861,2.77,1.50
2018.03.12 11:41:02.909,1.16848,1.16861,1.25,1.12
2018.03.12 11:41:03.473,1.16849,1.16862,1.12,1.50
2018.03.12 11:41:03.994,1.1685,1.16862,1.00,1.13
2018.03.12 11:41:04.665,1.1685,1.16862,1.87,1.00
2018.03.12 11:41:09.152,1.1685,1.16863,2.25,1.13
2018.03.12 11:41:09.204,1.16852,1.16866,1.57,5.14
2018.03.12 11:41:09.714,1.16853,1.16866,1.50,1.37
2018.03.12 11:41:10.307,1.16853,1.16866,1.69,1.25
2018.03.12 11:41:10.893,1.16852,1.16865,1.95,4.50
2018.03.12 11:41:11.403,1.16852,1.16864,1.37,1.25
2018.03.12 11:41:12.988,1.16852,1.16865,2.44,1.25
2018.03.12 11:41:18.926,1.16853,1.16866,1.25,2.25
2018.03.12 11:41:23.914,1.16853,1.16866,1.00,2.25
2018.03.12 11:41:24.432,1.16852,1.16866,1.95,3.00
2018.03.12 11:41:24.951,1.16852,1.16865,2.62,1.88
2018.03.12 11:41:26.672,1.16851,1.16864,2.81,1.50
2018.03.12 11:41:27.210,1.16851,1.16863,1.31,1.25
2018.03.12 11:41:29.789,1.16853,1.16865,1.25,1.88
2018.03.12 11:41:30.798,1.16853,1.16865,1.00,2.06
2018.03.12 11:41:31.310,1.16852,1.16865,1.50,2.06
2018.03.12 11:41:31.875,1.16852,1.16865,2.44,1.62
2018.03.12 11:41:33.049,1.16853,1.16866,1.12,2.06
2018.03.12 11:41:33.886,1.16853,1.16866,3.38,1.69
2018.03.12 11:41:34.234,1.16855,1.16867,1.37,1.50
2018.03.12 11:41:35.235,1.16856,1.16869,1.87,2.25
2018.03.12 11:41:35.782,1.16856,1.16869,2.25,1.88
2018.03.12 11:41:36.643,1.16857,1.16869,1.00,1.12
2018.03.12 11:41:37.256,1.16857,1.16869,2.06,1.12
2018.03.12 11:41:37.783,1.16857,1.1687,2.25,2.81
2018.03.12 11:41:39.284,1.16857,1.1687,2.06,1.88
2018.03.12 11:41:42.585,1.16857,1.16869,1.87,1.50
2018.03.12 11:41:42.892,1.16857,1.16866,1.00,1.50
2018.03.12 11:41:42.943,1.16855,1.16866,1.12,1.50
2018.03.12 11:41:43.311,1.16857,1.16867,1.00,1.69
2018.03.12 11:41:43.823,1.16857,1.16868,1.00,1.88
2018.03.12 11:41:44.358,1.16857,1.16869,1.12,1.88
2018.03.12 11:41:44.897,1.16857,1.16869,1.12,1.88
2018.03.12 11:41:45.646,1.16857,1.16869,1.12,1.88
2018.03.12 11:41:46.107,1.16859,1.1687,1.00,2.24
2018.03.12 11:41:46.951,1.16859,1.1687,1.00,1.12
2018.03.12 11:41:50.994,1.16859,1.1687,1.12,1.87
2018.03.12 11:41:54.028,1.16859,1.16869,1.00,1.49
2018.03.12 11:41:55.166,1.16859,1.16869,1.00,1.31
2018.03.12 11:41:55.723,1.16859,1.16869,1.00,1.49
2018.03.12 11:41:59.039,1.16857,1.16869,1.50,1.49
2018.03.12 11:42:01.351,1.16857,1.16868,1.00,1.37
2018.03.12 11:42:02.551,1.16855,1.16867,1.50,1.50
2018.03.12 11:42:03.472,1.16854,1.16866,1.12,3.94
2018.03.12 11:42:04.080,1.16858,1.16866,1.00,1.25
2018.03.12 11:42:04.133,1.16858,1.16869,1.12,1.20
