2012.12.25 18:00:07.464,1.20723,1.20747,1.00,1.50
2012.12.25 18:00:08.706,1.20721,1.20749,1.00,1.50
2012.12.25 18:00:40.595,1.20723,1.20747,1.00,1.50
2012.12.25 18:00:40.663,1.20723,1.20747,1.00,1.50
2012.12.25 18:00:41.216,1.20723,1.20747,1.50,1.50
2012.12.25 18:02:10.130,1.207,1.20744,1.50,1.50
2012.12.25 18:02:53.933,1.20674,1.20776,1.50,1.50
2012.12.25 18:02:55.540,1.20702,1.20754,1.00,1.13
2012.12.25 18:03:26.101,1.20703,1.20758,2.25,1.50
2012.12.25 18:03:26.161,1.20704,1.20756,1.50,1.50
2012.12.25 18:03:27.132,1.2071,1.2075,1.73,1.50
2012.12.25 18:03:27.490,1.20703,1.20758,1.08,1.50
2012.12.25 18:04:00.499,1.20701,1.20759,1.73,1.50
2012.12.25 18:04:26.807,1.20717,1.20748,1.73,1.50
2012.12.25 18:04:30.397,1.20721,1.20757,1.73,0.50
2012.12.25 18:04:34.173,1.20715,1.20757,1.50,1.50
2012.12.25 18:04:45.846,1.20681,1.20783,2.18,1.50
2012.12.25 18:04:47.173,1.2068,1.20782,1.00,1.50
2012.12.25 18:05:05.758,1.20691,1.20795,1.50,1.50
2012.12.25 18:05:20.734,1.20714,1.2078,1.73,1.50
2012.12.25 18:06:14.206,1.20703,1.20745,1.50,0.49
2012.12.25 18:06:24.222,1.20684,1.20782,1.73,0.50
2012.12.25 18:06:36.115,1.20715,1.20767,1.50,1.00
2012.12.25 18:06:39.468,1.20712,1.20778,1.00,0.50
2012.12.25 18:07:48.194,1.20712,1.20776,1.50,1.50
2012.12.25 18:07:52.280,1.20713,1.20779,2.25,1.50
2012.12.25 18:08:19.532,1.20686,1.2079,1.50,1.50
2012.12.25 18:08:45.512,1.20691,1.20795,1.50,1.50
2012.12.25 18:09:08.217,1.20716,1.20771,0.50,1.50
2012.12.25 18:09:13.029,1.20721,1.20773,2.33,1.00
2012.12.25 18:10:08.950,1.20708,1.2076,1.00,1.50
2012.12.25 18:10:37.599,1.20715,1.20766,1.73,2.25
2012.12.25 18:10:58.917,1.20719,1.20771,2.25,1.50
2012.12.25 18:11:15.611,1.20715,1.20773,2.25,1.50
2012.12.25 18:11:58.257,1.20721,1.20771,2.48,1.50
2012.12.25 18:12:23.905,1.2069,1.2077,1.50,1.50
2012.12.25 18:12:30.326,1.2068,1.20782,1.50,0.50
2012.12.25 18:12:32.328,1.20711,1.20763,4.65,1.50
2012.12.25 18:12:47.073,1.20721,1.20763,1.73,1.50
2012.12.25 18:13:24.903,1.20701,1.20781,1.50,0.50
2012.12.25 18:13:29.434,1.20717,1.20768,1.00,1.50
2012.12.25 18:13:36.904,1.20693,1.20799,2.93,1.50
2012.12.25 18:14:08.992,1.20709,1.20761,1.50,1.50
2012.12.25 18:14:20.730,1.20704,1.20782,1.50,1.50
2012.12.25 18:14:25.999,1.20722,1.20773,1.73,1.50
2012.12.25 18:14:58.703,1.20714,1.20782,1.50,3.00
2012.12.25 18:15:01.959,1.2072,1.20767,2.25,1.50
2012.12.25 18:15:21.861,1.20721,1.20773,0.50,1.50
2012.12.25 18:15:50.567,1.20715,1.20781,1.50,0.50
2012.12.25 18:15:54.113,1.20719,1.2078,1.50,1.00
2012.12.25 18:16:19.922,1.20711,1.20763,1.50,0.50
2012.12.25 18:16:26.061,1.20717,1.20769,1.50,1.50
2012.12.25 18:17:25.172,1.2072,1.20767,1.00,1.50
2012.12.25 18:17:28.893,1.20723,1.20768,1.50,1.50
2012.12.25 18:17:29.212,1.20723,1.2077,1.23,1.50
2012.12.25 18:17:32.031,1.20724,1.2077,1.50,0.50
2012.12.25 18:17:32.592,1.20724,1.20771,1.00,2.78
2012.12.25 18:17:33.639,1.20725,1.20771,1.00,1.50
2012.12.25 18:17:34.172,1.20726,1.20771,0.50,1.50
2012.12.25 18:17:44.171,1.20724,1.20776,1.03,1.50
2012.12.25 18:18:20.739,1.20696,1.2078,3.48,1.50
2012.12.25 18:18:32.837,1.20712,1.20773,1.50,1.50
2012.12.25 18:19:04.705,1.20701,1.20785,1.50,0.50
2012.12.25 18:19:07.166,1.20688,1.20803,1.00,0.50
2012.12.25 18:19:10.621,1.20713,1.20782,1.73,0.50
2012.12.25 18:19:16.984,1.20703,1.20795,2.63,1.00
2012.12.25 18:19:28.382,1.20698,1.20802,1.00,1.50
2012.12.25 18:19:38.351,1.20702,1.20798,1.50,0.50
2012.12.25 18:19:43.129,1.20698,1.20788,1.73,0.50
2012.12.25 18:19:48.240,1.20708,1.20768,1.00,2.63
2012.12.25 18:20:01.986,1.20707,1.20763,1.75,1.65
2012.12.25 18:20:03.632,1.20698,1.20781,1.50,1.50
2012.12.25 18:20:08.413,1.20708,1.20777,0.10,1.50
2012.12.25 18:20:14.115,1.20713,1.20779,1.65,1.00
2012.12.25 18:20:17.022,1.20701,1.20791,2.48,1.50
2012.12.25 18:20:22.717,1.20711,1.20772,1.50,1.95
2012.12.25 18:20:31.004,1.20702,1.20773,1.00,1.50
2012.12.25 18:20:42.557,1.20709,1.20761,1.00,1.88
2012.12.25 18:21:42.483,1.20727,1.20773,1.50,0.50
2012.12.25 18:21:42.543,1.20729,1.20771,1.50,1.50
2012.12.25 18:21:47.838,1.20724,1.20776,1.73,1.50
2012.12.25 18:22:27.381,1.2069,1.20788,1.50,1.50
2012.12.25 18:22:49.495,1.20704,1.20772,2.10,1.50
2012.12.25 18:22:49.567,1.20713,1.20761,1.50,1.50
2012.12.25 18:22:49.813,1.20719,1.20763,1.73,0.50
2012.12.25 18:22:52.696,1.20706,1.20784,1.50,1.00
2012.12.25 18:23:33.663,1.20719,1.20766,1.50,1.50
2012.12.25 18:23:33.993,1.20722,1.20765,0.50,1.50
2012.12.25 18:23:34.214,1.20722,1.20768,1.38,1.50
2012.12.25 18:23:34.555,1.20724,1.20767,1.50,1.50
2012.12.25 18:23:35.003,1.20723,1.20768,1.50,1.50
2012.12.25 18:23:51.233,1.20722,1.20769,0.50,1.50
2012.12.25 18:23:51.540,1.20726,1.20769,3.00,1.50
2012.12.25 18:23:54.871,1.20722,1.20774,1.50,1.50
2012.12.25 18:24:08.001,1.20711,1.20763,1.38,1.50
2012.12.25 18:24:14.060,1.20718,1.20768,1.50,1.50
2012.12.25 18:25:02.501,1.20713,1.20777,1.73,1.50
2012.12.25 18:25:05.162,1.20724,1.20775,1.50,1.50
2012.12.25 18:25:13.269,1.20708,1.20798,1.50,0.50
2012.12.25 18:25:15.569,1.20734,1.2078,1.50,1.50
2012.12.25 18:25:16.116,1.20736,1.20781,1.50,1.50
2012.12.25 18:25:21.887,1.20728,1.20779,1.50,1.50
2012.12.25 18:25:50.428,1.20723,1.20773,0.50,1.50
2012.12.25 18:26:10.666,1.20699,1.20774,1.35,1.50
2012.12.25 18:26:29.027,1.20713,1.20765,1.50,0.50
2012.12.25 18:26:40.432,1.20714,1.20774,1.00,1.50
2012.12.25 18:26:51.523,1.20698,1.20794,1.00,1.50
2012.12.25 18:27:04.553,1.20713,1.20763,1.50,0.50
2012.12.25 18:27:12.121,1.20708,1.20764,1.00,1.50
2012.12.25 18:27:31.253,1.20711,1.20779,2.48,1.50
2012.12.25 18:27:40.962,1.20741,1.20791,1.73,2.25
2012.12.25 18:27:41.418,1.20762,1.2081,2.25,1.50
2012.12.25 18:27:54.552,1.20751,1.20843,1.50,2.25
2012.12.25 18:28:05.058,1.2072,1.20808,1.50,1.50
2012.12.25 18:28:06.732,1.20759,1.20804,1.50,1.50
2012.12.25 18:28:36.782,1.20748,1.20822,2.93,1.50
2012.12.25 18:28:42.514,1.20746,1.20793,1.00,1.50
2012.12.25 18:28:42.574,1.2074,1.20786,1.73,2.25
2012.12.25 18:28:44.050,1.2074,1.20803,1.88,0.50
2012.12.25 18:28:45.021,1.2075,1.20793,2.10,1.50
2012.12.25 18:28:54.012,1.20742,1.20788,1.50,1.50
2012.12.25 18:28:57.627,1.20736,1.2078,1.50,1.50
2012.12.25 18:29:03.444,1.20721,1.20767,1.13,0.50
2012.12.25 18:29:03.915,1.20726,1.20769,1.50,1.00
2012.12.25 18:29:29.648,1.20723,1.20775,0.50,1.50
2012.12.25 18:30:03.013,1.20711,1.20783,1.23,1.50
2012.12.25 18:30:06.653,1.20715,1.20775,2.00,1.50
2012.12.25 18:30:29.351,1.20719,1.20769,1.50,1.50
2012.12.25 18:30:29.456,1.20721,1.20772,1.50,0.50
2012.12.25 18:30:33.468,1.20705,1.20789,1.13,1.50
2012.12.25 18:31:12.682,1.20699,1.20775,1.73,1.50
2012.12.25 18:31:23.339,1.20717,1.20759,1.00,1.50
2012.12.25 18:31:25.436,1.20706,1.20782,1.50,1.50
2012.12.25 18:31:29.342,1.20718,1.20768,1.50,1.50
2012.12.25 18:31:34.693,1.20681,1.20795,1.00,2.25
2012.12.25 18:31:43.961,1.20719,1.20746,3.23,1.50
2012.12.25 18:31:57.412,1.20693,1.20771,1.50,1.50
2012.12.25 18:32:20.759,1.20695,1.20804,1.50,1.50
2012.12.25 18:32:23.386,1.20713,1.20788,0.50,1.50
2012.12.25 18:32:26.605,1.20704,1.20802,0.73,1.50
2012.12.25 18:32:49.193,1.20721,1.20786,1.80,1.50
2012.12.25 18:32:49.978,1.20716,1.20777,1.00,0.50
2012.12.25 18:32:56.996,1.20706,1.20772,0.50,1.50
2012.12.25 18:33:29.414,1.2071,1.2076,1.50,1.50
2012.12.25 18:33:29.473,1.20717,1.20768,1.50,1.50
2012.12.25 18:33:31.445,1.20721,1.20771,1.50,3.00
2012.12.25 18:34:06.806,1.20694,1.20796,0.50,1.50
2012.12.25 18:34:08.805,1.20716,1.20781,1.75,1.50
2012.12.25 18:34:28.143,1.20696,1.208,0.50,1.50
2012.12.25 18:34:30.475,1.20721,1.20767,1.50,1.50
2012.12.25 18:34:56.408,1.20719,1.20757,1.50,1.50
2012.12.25 18:35:14.565,1.20683,1.20787,0.50,1.50
2012.12.25 18:35:22.541,1.20698,1.20781,2.00,1.13
2012.12.25 18:35:26.557,1.20707,1.20773,0.50,1.50
2012.12.25 18:35:30.299,1.20695,1.20774,0.50,1.50
2012.12.25 18:35:43.655,1.20701,1.20764,1.50,1.50
2012.12.25 18:35:57.930,1.20698,1.20764,1.08,1.50
2012.12.25 18:36:01.870,1.20683,1.20777,1.00,1.50
2012.12.25 18:36:13.357,1.20714,1.20757,1.50,1.88
2012.12.25 18:36:27.377,1.20722,1.2076,1.50,1.50
2012.12.25 18:36:28.721,1.20714,1.20764,1.50,1.50
2012.12.25 18:36:42.261,1.20709,1.20759,2.10,1.50
2012.12.25 18:36:44.777,1.20679,1.20783,1.50,0.50
2012.12.25 18:36:59.555,1.20698,1.20762,1.50,1.50
2012.12.25 18:37:01.868,1.20677,1.20781,1.50,3.00
2012.12.25 18:37:08.078,1.20702,1.20751,1.50,1.50
2012.12.25 18:37:24.775,1.20697,1.20756,1.50,1.50
2012.12.25 18:37:26.643,1.20717,1.20743,1.50,1.50
2012.12.25 18:37:36.454,1.20711,1.20763,1.50,0.50
2012.12.25 18:37:42.911,1.2071,1.20754,1.00,1.13
2012.12.25 18:37:55.442,1.20702,1.20754,0.73,1.50
2012.12.25 18:37:56.155,1.20692,1.20767,1.13,0.50
2012.12.25 18:38:11.070,1.20713,1.20771,1.50,1.50
2012.12.25 18:38:24.529,1.20694,1.20798,1.50,1.50
2012.12.25 18:38:33.416,1.20696,1.20798,1.00,1.50
2012.12.25 18:38:33.584,1.207,1.20782,1.73,1.50
2012.12.25 18:38:50.063,1.20712,1.20762,2.25,1.50
2012.12.25 18:39:14.251,1.20696,1.20768,1.00,0.50
2012.12.25 18:39:15.121,1.20709,1.20759,1.50,1.50
2012.12.25 18:39:18.741,1.20689,1.20784,1.59,1.50
2012.12.25 18:39:34.836,1.20711,1.20771,1.50,1.50
2012.12.25 18:39:45.951,1.20712,1.20773,1.50,2.25
2012.12.25 18:39:53.682,1.20688,1.20792,0.50,1.50
2012.12.25 18:39:55.882,1.20679,1.20791,1.50,0.50
2012.12.25 18:39:57.211,1.20682,1.20784,1.50,0.50
2012.12.25 18:40:01.388,1.20719,1.20771,1.00,0.50
2012.12.25 18:40:24.710,1.20719,1.20781,1.50,0.50
2012.12.25 18:40:30.308,1.20699,1.20803,3.38,1.50
2012.12.25 18:40:33.705,1.20729,1.20772,2.25,2.25
2012.12.25 18:40:37.620,1.20725,1.20769,1.50,1.50
2012.12.25 18:40:58.361,1.20719,1.2076,0.10,2.55
2012.12.25 18:41:14.465,1.20714,1.20756,2.00,1.50
2012.12.25 18:41:14.606,1.20718,1.20762,1.73,1.50
2012.12.25 18:41:14.665,1.20725,1.20761,1.50,0.50
2012.12.25 18:41:27.041,1.20723,1.20755,1.50,1.50
2012.12.25 18:41:36.721,1.20716,1.20753,0.50,1.50
2012.12.25 18:41:36.866,1.20715,1.20749,1.50,0.50
2012.12.25 18:42:05.216,1.20723,1.20767,1.13,1.50
2012.12.25 18:42:09.671,1.20719,1.20774,1.00,0.50
2012.12.25 18:42:16.036,1.20709,1.2079,1.88,1.50
2012.12.25 18:42:19.856,1.20724,1.20777,1.50,0.50
2012.12.25 18:42:26.412,1.20718,1.20773,1.50,1.50
2012.12.25 18:42:43.880,1.20714,1.20766,1.50,1.00
2012.12.25 18:42:54.981,1.20708,1.20763,1.50,1.50
2012.12.25 18:43:13.111,1.20704,1.20759,1.13,1.50
2012.12.25 18:43:19.182,1.20709,1.20753,1.50,1.50
2012.12.25 18:43:35.488,1.20699,1.20767,1.50,1.50
2012.12.25 18:43:38.791,1.20696,1.20782,2.85,1.50
2012.12.25 18:43:41.779,1.20706,1.20778,1.50,1.00
2012.12.25 18:43:43.366,1.20686,1.20788,1.73,0.50
2012.12.25 18:43:51.169,1.20681,1.20785,1.50,1.50
2012.12.25 18:43:56.535,1.20681,1.20783,3.08,1.50
2012.12.25 18:44:13.324,1.20714,1.2076,1.73,1.50
2012.12.25 18:44:14.953,1.20712,1.20806,1.00,1.50
2012.12.25 18:44:21.742,1.20748,1.20792,1.50,0.50
2012.12.25 18:44:43.578,1.20734,1.20796,2.25,1.50
2012.12.25 18:44:45.806,1.20726,1.20786,1.50,2.25
2012.12.25 18:44:57.608,1.20727,1.20769,1.50,1.50
2012.12.25 18:44:59.098,1.20723,1.20767,1.50,0.50
2012.12.25 18:45:02.534,1.20716,1.20768,1.50,0.50
2012.12.25 18:45:18.545,1.20723,1.20769,1.50,1.50
2012.12.25 18:45:19.049,1.20716,1.20778,1.50,1.50
2012.12.25 18:45:28.499,1.2072,1.20771,0.10,1.13
2012.12.25 18:45:42.063,1.20699,1.20789,1.00,1.13
2012.12.25 18:45:53.923,1.20706,1.20778,1.60,1.50
2012.12.25 18:46:00.312,1.20706,1.20768,1.35,1.50
2012.12.25 18:46:14.160,1.2069,1.20794,0.50,1.50
2012.12.25 18:46:17.097,1.20717,1.20773,1.00,1.50
2012.12.25 18:46:27.361,1.20723,1.20767,0.50,1.50
2012.12.25 18:46:32.318,1.20696,1.2079,1.50,1.50
2012.12.25 18:46:35.252,1.20724,1.20757,2.10,1.50
2012.12.25 18:46:44.901,1.20719,1.20761,1.50,0.50
2012.12.25 18:47:12.550,1.20712,1.20768,1.50,0.50
2012.12.25 18:47:16.974,1.2071,1.20774,1.00,1.50
2012.12.25 18:47:25.383,1.20717,1.20772,1.50,0.50
2012.12.25 18:47:31.208,1.20724,1.20768,2.23,1.50
2012.12.25 18:47:37.634,1.20721,1.20773,2.93,1.00
2012.12.25 18:47:37.793,1.207,1.2079,1.50,0.50
2012.12.25 18:47:38.399,1.20723,1.20763,1.00,1.50
2012.12.25 18:47:58.563,1.20701,1.20785,0.33,0.50
2012.12.25 18:48:06.292,1.20707,1.20759,1.00,0.50
2012.12.25 18:48:12.884,1.2073,1.20748,1.73,1.50
2012.12.25 18:48:16.832,1.20716,1.20768,1.00,0.50
2012.12.25 18:48:30.240,1.20714,1.20769,0.73,1.50
2012.12.25 18:48:54.775,1.20688,1.20792,0.50,1.50
2012.12.25 18:48:59.691,1.207,1.20781,1.73,1.50
2012.12.25 18:49:05.002,1.20682,1.20796,2.25,2.25
2012.12.25 18:49:05.335,1.20716,1.20768,2.78,1.00
2012.12.25 18:49:44.425,1.20695,1.20797,1.50,1.50
2012.12.25 18:49:44.581,1.20714,1.20784,1.73,1.50
2012.12.25 18:49:45.112,1.20705,1.20789,1.73,1.50
2012.12.25 18:49:52.903,1.20693,1.20795,4.65,1.50
2012.12.25 18:49:53.281,1.20709,1.20775,0.10,1.33
2012.12.25 18:50:06.198,1.2071,1.2076,0.50,1.50
2012.12.25 18:50:06.257,1.20717,1.20765,0.50,2.93
2012.12.25 18:50:08.407,1.20719,1.20769,1.50,0.50
2012.12.25 18:50:08.754,1.20705,1.2078,1.73,0.50
2012.12.25 18:50:52.728,1.20719,1.20766,1.00,1.50
2012.12.25 18:51:06.353,1.2071,1.20774,1.50,1.50
2012.12.25 18:51:21.733,1.20692,1.20796,1.50,0.50
2012.12.25 18:51:22.968,1.20717,1.20771,1.50,1.50
2012.12.25 18:51:30.722,1.20722,1.20762,2.40,1.50
2012.12.25 18:51:52.725,1.20705,1.20777,1.50,1.00
2012.12.25 18:52:07.188,1.20712,1.2077,1.38,1.50
2012.12.25 18:52:23.069,1.20719,1.20767,0.10,1.50
2012.12.25 18:52:23.241,1.20705,1.20785,2.70,1.50
2012.12.25 18:52:27.843,1.20688,1.20792,1.38,1.50
2012.12.25 18:52:31.127,1.2071,1.20766,1.50,0.50
2012.12.25 18:52:34.105,1.20686,1.2079,1.50,1.00
2012.12.25 18:52:50.622,1.20718,1.20762,1.73,1.50
2012.12.25 18:53:24.514,1.20715,1.2077,1.50,2.25
2012.12.25 18:53:43.316,1.20712,1.20778,1.75,1.50
2012.12.25 18:53:46.285,1.20715,1.20771,1.00,1.50
2012.12.25 18:53:46.772,1.20711,1.20766,1.50,0.50
2012.12.25 18:53:46.832,1.20712,1.20764,2.00,1.00
2012.12.25 18:53:54.822,1.2072,1.20764,1.50,1.50
2012.12.25 18:53:55.202,1.20719,1.20763,1.00,2.25
2012.12.25 18:54:03.643,1.20706,1.20748,0.10,0.50
2012.12.25 18:54:12.798,1.20705,1.20753,1.50,2.25
2012.12.25 18:54:13.100,1.20702,1.20757,1.00,2.25
2012.12.25 18:54:24.529,1.20704,1.20759,1.50,1.50
2012.12.25 18:54:25.008,1.20704,1.20759,1.50,1.50
2012.12.25 18:54:26.049,1.20703,1.20758,0.50,1.50
2012.12.25 18:55:22.334,1.20734,1.20786,1.50,1.50
2012.12.25 18:55:56.325,1.20741,1.20819,3.23,2.25
2012.12.25 18:56:04.280,1.20718,1.20756,1.50,1.50
2012.12.25 18:56:16.556,1.20697,1.20771,1.50,1.50
2012.12.25 18:56:17.065,1.20696,1.20768,0.50,1.50
2012.12.25 18:57:51.272,1.207,1.20761,2.98,0.50
2012.12.25 18:57:54.702,1.20704,1.20756,1.50,0.50
2012.12.25 18:58:00.759,1.20712,1.20761,1.50,1.00
2012.12.25 18:58:08.757,1.20708,1.20763,1.73,1.50
2012.12.25 18:58:38.316,1.20721,1.20745,1.50,0.50
2012.12.25 18:59:03.192,1.20674,1.20786,1.50,1.50
