2012.12.06 16:00:00.191,1.20932,1.20945,1.50,1.50
2012.12.06 16:00:01.005,1.20932,1.20944,1.50,2.48
2012.12.06 16:00:01.204,1.20932,1.20945,1.50,1.50
2012.12.06 16:00:05.781,1.20932,1.20946,1.50,1.50
2012.12.06 16:00:06.266,1.20932,1.20948,7.64,1.65
2012.12.06 16:00:06.773,1.20934,1.20948,3.38,1.65
2012.12.06 16:00:07.400,1.20934,1.20948,2.25,2.40
2012.12.06 16:00:07.523,1.20934,1.20948,2.63,2.63
2012.12.06 16:00:07.770,1.20937,1.2095,2.03,1.73
2012.12.06 16:00:08.010,1.2094,1.20951,1.50,1.73
2012.12.06 16:00:11.232,1.20944,1.20953,1.50,3.75
2012.12.06 16:00:11.360,1.20942,1.20953,1.50,3.00
2012.12.06 16:00:11.421,1.20942,1.20954,1.79,1.73
2012.12.06 16:00:12.030,1.20942,1.20956,1.50,5.19
2012.12.06 16:00:13.261,1.20942,1.20955,1.50,1.73
2012.12.06 16:00:13.321,1.2094,1.20953,2.25,1.88
2012.12.06 16:00:13.811,1.20939,1.20953,2.25,3.38
2012.12.06 16:00:14.730,1.20939,1.20952,2.25,1.13
2012.12.06 16:00:15.232,1.20939,1.20953,2.25,3.60
2012.12.06 16:00:19.331,1.20939,1.20952,1.50,1.13
2012.12.06 16:00:19.707,1.20939,1.20953,2.63,4.13
2012.12.06 16:00:20.797,1.20939,1.20953,3.00,4.13
2012.12.06 16:00:21.411,1.20939,1.20953,2.63,3.90
2012.12.06 16:00:21.972,1.20939,1.20953,2.25,4.65
2012.12.06 16:00:23.410,1.20939,1.20953,3.38,3.15
2012.12.06 16:00:23.961,1.20939,1.20953,2.25,3.90
2012.12.06 16:00:24.810,1.20939,1.20953,2.63,3.38
2012.12.06 16:00:25.861,1.20939,1.20953,2.25,3.15
2012.12.06 16:00:27.370,1.20938,1.20952,2.78,2.40
2012.12.06 16:00:28.561,1.20938,1.20952,3.75,1.50
2012.12.06 16:00:28.681,1.20939,1.20952,1.04,1.50
2012.12.06 16:00:28.741,1.20939,1.20952,1.04,1.50
2012.12.06 16:00:28.920,1.20939,1.20954,2.54,1.50
2012.12.06 16:00:29.471,1.20939,1.20955,1.79,3.98
2012.12.06 16:00:30.603,1.20939,1.20955,2.92,2.25
2012.12.06 16:00:31.661,1.20942,1.20956,1.50,4.22
2012.12.06 16:00:33.801,1.20945,1.20956,2.63,1.97
2012.12.06 16:00:34.162,1.20949,1.20956,5.25,1.97
2012.12.06 16:00:34.430,1.20949,1.20961,3.75,4.88
2012.12.06 16:00:34.609,1.20949,1.20964,3.75,1.13
2012.12.06 16:00:35.330,1.20948,1.20964,5.02,1.26
2012.12.06 16:00:35.960,1.20948,1.20964,5.02,1.13
2012.12.06 16:00:36.982,1.20948,1.20964,2.02,4.50
2012.12.06 16:00:37.519,1.20948,1.20964,2.77,1.50
2012.12.06 16:00:37.640,1.20948,1.20963,1.79,1.50
2012.12.06 16:00:53.396,1.20948,1.20963,1.50,1.50
2012.12.06 16:01:00.402,1.20949,1.20964,1.50,1.50
2012.12.06 16:01:00.712,1.20957,1.2097,1.13,1.50
2012.12.06 16:01:00.973,1.20962,1.20974,1.13,3.69
2012.12.06 16:01:01.043,1.20963,1.20974,1.50,2.19
2012.12.06 16:01:01.245,1.20966,1.20978,1.50,3.08
2012.12.06 16:01:01.371,1.20962,1.20978,1.13,2.33
2012.12.06 16:01:02.232,1.20964,1.20977,1.13,1.50
2012.12.06 16:01:02.543,1.20965,1.20977,3.75,1.50
2012.12.06 16:01:02.941,1.20965,1.20981,4.50,1.50
2012.12.06 16:01:06.283,1.20966,1.20981,1.13,2.48
2012.12.06 16:01:06.353,1.20965,1.20981,1.88,2.48
2012.12.06 16:01:06.910,1.20965,1.20981,1.88,1.73
2012.12.06 16:01:07.571,1.20966,1.20981,1.50,1.73
2012.12.06 16:01:08.533,1.20965,1.20981,1.28,1.88
2012.12.06 16:01:08.964,1.20963,1.20979,4.28,1.13
2012.12.06 16:01:09.150,1.20964,1.20979,1.13,3.75
2012.12.06 16:01:09.210,1.20964,1.20981,1.88,3.98
2012.12.06 16:01:10.313,1.20964,1.20982,2.48,6.98
2012.12.06 16:01:20.939,1.20964,1.20981,1.35,1.73
2012.12.06 16:01:24.082,1.20965,1.20982,3.75,4.44
2012.12.06 16:01:24.390,1.20964,1.20981,1.13,1.50
2012.12.06 16:01:26.842,1.20963,1.20981,3.14,2.25
2012.12.06 16:01:30.620,1.20964,1.20981,1.50,2.25
2012.12.06 16:01:35.670,1.20964,1.2098,1.13,1.50
2012.12.06 16:01:36.220,1.20963,1.20979,5.92,2.25
2012.12.06 16:01:37.860,1.20963,1.2098,5.92,1.50
2012.12.06 16:01:39.801,1.20963,1.20979,5.92,1.50
2012.12.06 16:01:40.310,1.20963,1.20979,5.92,1.50
2012.12.06 16:01:41.910,1.20963,1.20979,5.92,1.13
2012.12.06 16:01:51.053,1.20963,1.20979,5.92,1.13
2012.12.06 16:01:51.241,1.2096,1.20973,1.50,1.13
2012.12.06 16:01:51.792,1.20954,1.20966,1.04,1.50
2012.12.06 16:01:51.922,1.20954,1.20968,1.04,2.25
2012.12.06 16:01:52.115,1.20952,1.20966,2.69,1.13
2012.12.06 16:01:52.241,1.20951,1.20966,1.79,1.50
2012.12.06 16:01:52.422,1.2095,1.20966,1.27,3.00
2012.12.06 16:01:52.491,1.2095,1.20966,1.04,3.23
2012.12.06 16:01:54.362,1.2095,1.20964,1.04,1.50
2012.12.06 16:01:57.220,1.2095,1.20964,1.04,1.50
2012.12.06 16:01:59.132,1.20955,1.20963,1.50,2.25
2012.12.06 16:02:00.413,1.20954,1.20962,1.50,1.50
2012.12.06 16:02:00.801,1.20954,1.20962,1.50,1.50
2012.12.06 16:02:01.311,1.20952,1.20962,1.50,1.50
2012.12.06 16:02:02.076,1.20952,1.20964,1.50,4.88
2012.12.06 16:02:02.680,1.20952,1.20962,1.50,1.88
2012.12.06 16:02:02.932,1.20952,1.2096,1.50,1.65
2012.12.06 16:02:03.009,1.20949,1.20958,1.04,2.25
2012.12.06 16:02:03.074,1.20946,1.20958,1.04,2.48
2012.12.06 16:02:03.261,1.20946,1.20958,1.50,1.50
2012.12.06 16:02:03.382,1.20944,1.20957,1.50,3.75
2012.12.06 16:02:03.752,1.20943,1.20958,1.50,2.48
2012.12.06 16:02:04.251,1.20942,1.20955,1.50,4.13
2012.12.06 16:02:04.310,1.20942,1.20955,1.50,4.13
2012.12.06 16:02:04.431,1.20938,1.20955,3.38,4.13
2012.12.06 16:02:04.670,1.20939,1.20955,5.63,5.63
2012.12.06 16:02:04.914,1.20938,1.20955,5.40,2.48
2012.12.06 16:02:05.103,1.20942,1.20956,1.13,6.14
2012.12.06 16:02:05.231,1.20943,1.20956,1.27,1.64
2012.12.06 16:02:05.411,1.20938,1.20954,1.35,1.13
2012.12.06 16:02:09.806,1.20938,1.20954,1.73,1.13
2012.12.06 16:02:10.511,1.20938,1.20954,1.65,2.25
2012.12.06 16:02:11.011,1.20938,1.20954,1.57,1.35
2012.12.06 16:02:11.203,1.20939,1.20955,1.27,2.78
2012.12.06 16:02:11.270,1.20939,1.20955,1.04,3.75
2012.12.06 16:02:11.810,1.20938,1.20955,1.79,3.75
2012.12.06 16:02:12.393,1.20938,1.20954,1.79,1.50
2012.12.06 16:02:18.012,1.20938,1.20954,1.79,2.39
2012.12.06 16:02:18.941,1.20938,1.20954,1.79,2.65
2012.12.06 16:02:19.779,1.20938,1.20954,1.79,2.65
2012.12.06 16:02:20.373,1.20938,1.20952,1.04,4.39
2012.12.06 16:02:20.877,1.20938,1.20951,1.19,1.39
2012.12.06 16:02:21.462,1.20938,1.20952,1.94,1.75
2012.12.06 16:02:21.870,1.20938,1.20954,1.79,3.36
2012.12.06 16:02:23.678,1.20938,1.20954,2.17,2.61
2012.12.06 16:02:24.511,1.20938,1.20952,1.42,4.13
2012.12.06 16:02:25.493,1.20938,1.20951,1.13,1.13
2012.12.06 16:02:26.223,1.20938,1.20951,1.13,2.25
2012.12.06 16:02:26.771,1.20938,1.2095,1.13,1.65
2012.12.06 16:02:27.491,1.20935,1.20948,1.50,3.74
2012.12.06 16:02:27.611,1.20932,1.20947,1.04,1.13
2012.12.06 16:02:27.670,1.20929,1.20945,1.50,1.35
2012.12.06 16:02:27.790,1.20926,1.20944,1.50,2.48
2012.12.06 16:02:28.051,1.20924,1.20942,1.50,1.73
2012.12.06 16:02:28.301,1.20931,1.20943,2.63,1.13
2012.12.06 16:02:28.360,1.20928,1.20943,1.50,1.88
2012.12.06 16:02:28.421,1.20927,1.20941,1.13,4.73
2012.12.06 16:02:28.780,1.20923,1.20941,5.25,5.48
2012.12.06 16:02:31.790,1.20923,1.20941,1.88,1.50
2012.12.06 16:02:31.911,1.20923,1.20941,1.65,1.73
2012.12.06 16:02:35.746,1.20923,1.2094,1.79,3.98
2012.12.06 16:02:36.260,1.20923,1.20942,1.79,4.50
2012.12.06 16:02:46.835,1.20925,1.20941,3.75,1.73
2012.12.06 16:02:47.379,1.20926,1.20941,1.65,1.13
2012.12.06 16:02:48.810,1.20927,1.20942,1.50,3.09
2012.12.06 16:02:49.349,1.20926,1.20942,1.65,2.34
2012.12.06 16:02:49.881,1.20927,1.20942,1.50,1.13
2012.12.06 16:02:52.471,1.20926,1.20942,1.50,2.72
2012.12.06 16:02:58.171,1.20928,1.20942,3.75,2.34
2012.12.06 16:02:58.590,1.20929,1.20942,1.13,2.34
2012.12.06 16:02:59.150,1.20926,1.20942,2.25,3.09
2012.12.06 16:02:59.712,1.20926,1.20941,2.25,1.73
2012.12.06 16:02:59.901,1.20926,1.20937,1.13,2.40
2012.12.06 16:03:00.142,1.20924,1.20937,1.04,2.63
2012.12.06 16:03:00.210,1.20922,1.20935,5.17,1.73
2012.12.06 16:03:00.770,1.20922,1.20936,3.00,1.73
2012.12.06 16:03:01.791,1.20919,1.20936,3.29,2.10
2012.12.06 16:03:02.029,1.20918,1.20933,2.40,2.10
2012.12.06 16:03:04.311,1.20918,1.20933,1.50,3.60
2012.12.06 16:03:05.169,1.20917,1.20933,3.29,3.98
2012.12.06 16:03:05.561,1.20917,1.20931,1.04,1.35
2012.12.06 16:03:05.811,1.20916,1.20931,1.50,2.48
2012.12.06 16:03:06.510,1.20914,1.20929,2.54,1.35
2012.12.06 16:03:07.037,1.20914,1.20929,2.54,1.35
2012.12.06 16:03:08.001,1.20914,1.20931,3.29,6.23
2012.12.06 16:03:10.683,1.20914,1.20931,3.29,2.85
2012.12.06 16:03:18.085,1.20914,1.20931,2.25,2.85
2012.12.06 16:03:20.340,1.20914,1.20931,1.50,2.85
2012.12.06 16:03:21.469,1.20914,1.20931,5.25,2.85
2012.12.06 16:03:22.106,1.20914,1.20931,5.25,2.85
2012.12.06 16:03:23.899,1.20914,1.20931,3.14,4.88
2012.12.06 16:03:24.464,1.20915,1.20931,1.50,4.88
2012.12.06 16:03:26.681,1.20913,1.20931,7.04,5.48
2012.12.06 16:03:27.253,1.20913,1.2093,3.29,5.10
2012.12.06 16:03:27.511,1.20913,1.2093,3.29,5.10
2012.12.06 16:03:28.204,1.20911,1.20924,1.88,1.50
2012.12.06 16:03:28.358,1.20906,1.20924,2.54,3.23
2012.12.06 16:03:28.787,1.20906,1.20924,2.54,3.23
2012.12.06 16:03:29.264,1.20907,1.20922,3.75,1.73
2012.12.06 16:03:30.060,1.20907,1.20924,3.90,3.75
2012.12.06 16:03:30.561,1.20908,1.20924,1.13,3.75
2012.12.06 16:03:30.682,1.20906,1.20924,2.54,6.60
2012.12.06 16:03:30.740,1.20906,1.20924,2.54,6.60
2012.12.06 16:03:31.881,1.20906,1.20924,2.54,2.85
2012.12.06 16:03:32.250,1.20906,1.20924,2.92,1.73
2012.12.06 16:03:32.491,1.20906,1.20924,2.92,2.48
2012.12.06 16:03:33.222,1.20906,1.20924,2.92,2.48
2012.12.06 16:03:33.881,1.20906,1.20924,2.69,2.48
2012.12.06 16:03:34.000,1.20908,1.20924,3.75,2.48
2012.12.06 16:03:34.266,1.20909,1.20925,1.04,2.48
2012.12.06 16:03:34.780,1.20909,1.20925,2.54,1.73
2012.12.06 16:03:36.131,1.20909,1.20926,1.79,6.60
2012.12.06 16:03:36.442,1.20909,1.20924,1.79,1.73
2012.12.06 16:03:36.515,1.20909,1.20923,1.79,4.13
2012.12.06 16:03:36.643,1.20909,1.20925,2.54,2.10
2012.12.06 16:03:37.341,1.20906,1.20924,2.02,2.25
2012.12.06 16:03:37.626,1.20906,1.20924,1.79,2.48
2012.12.06 16:03:37.950,1.20907,1.20924,1.50,1.73
2012.12.06 16:03:38.261,1.20906,1.20919,1.64,1.35
2012.12.06 16:03:38.383,1.20907,1.20925,1.04,2.48
2012.12.06 16:03:38.623,1.20905,1.20922,1.50,1.73
2012.12.06 16:03:38.708,1.20907,1.20924,1.04,1.73
2012.12.06 16:03:38.777,1.20907,1.20923,1.04,2.33
2012.12.06 16:03:39.332,1.20904,1.20921,3.00,2.40
2012.12.06 16:03:39.884,1.20906,1.20924,1.79,3.90
2012.12.06 16:03:40.194,1.20907,1.20924,5.40,2.40
2012.12.06 16:03:40.560,1.20913,1.20924,1.50,2.40
2012.12.06 16:03:40.860,1.20913,1.20926,1.50,2.48
2012.12.06 16:03:41.410,1.20913,1.20925,1.50,2.48
2012.12.06 16:03:41.471,1.20913,1.20925,1.50,2.48
2012.12.06 16:03:41.591,1.20911,1.20925,1.50,4.73
2012.12.06 16:03:41.652,1.20909,1.20925,3.29,3.98
2012.12.06 16:03:41.723,1.20912,1.20925,1.79,1.73
2012.12.06 16:03:42.216,1.20912,1.20928,2.54,4.73
2012.12.06 16:03:42.542,1.20912,1.20925,2.54,1.54
2012.12.06 16:03:42.673,1.20908,1.20914,1.50,1.13
2012.12.06 16:03:42.742,1.20903,1.20914,2.40,1.13
2012.12.06 16:03:42.998,1.209,1.20913,1.50,3.38
2012.12.06 16:03:47.109,1.20901,1.20915,2.63,6.69
2012.12.06 16:03:47.660,1.20902,1.20914,2.63,1.13
2012.12.06 16:03:50.641,1.20902,1.20913,2.40,1.13
2012.12.06 16:03:51.190,1.20901,1.20913,1.13,1.13
2012.12.06 16:03:51.700,1.20901,1.20914,4.13,1.13
2012.12.06 16:03:57.400,1.20901,1.20913,1.50,2.85
2012.12.06 16:04:00.972,1.20901,1.20913,1.88,2.48
2012.12.06 16:04:02.060,1.20901,1.20913,3.38,1.13
2012.12.06 16:04:02.241,1.20901,1.20913,2.25,1.13
2012.12.06 16:04:02.809,1.20898,1.20913,4.13,2.85
2012.12.06 16:04:03.481,1.20898,1.20913,4.65,2.63
2012.12.06 16:04:04.132,1.20898,1.20913,6.90,2.63
2012.12.06 16:04:04.201,1.20899,1.20912,1.13,1.13
2012.12.06 16:04:04.742,1.20902,1.20914,1.13,1.65
2012.12.06 16:04:04.920,1.20901,1.20915,4.13,3.38
2012.12.06 16:04:09.083,1.20902,1.20914,4.13,1.13
2012.12.06 16:04:09.280,1.20904,1.20915,2.25,1.13
2012.12.06 16:04:09.820,1.20904,1.2092,2.54,2.85
2012.12.06 16:04:10.337,1.20905,1.2092,1.50,2.85
2012.12.06 16:04:10.463,1.20907,1.2092,3.90,2.85
2012.12.06 16:04:10.771,1.20907,1.20914,3.75,1.13
2012.12.06 16:04:10.951,1.20903,1.20913,3.75,2.10
2012.12.06 16:04:11.211,1.209,1.20913,2.40,2.10
2012.12.06 16:04:12.101,1.20904,1.20913,1.50,2.10
2012.12.06 16:04:12.160,1.20901,1.20913,2.25,2.10
2012.12.06 16:04:12.701,1.20901,1.20913,2.63,1.88
2012.12.06 16:04:12.761,1.20901,1.20913,3.38,1.88
2012.12.06 16:04:12.821,1.20907,1.20915,1.65,2.10
2012.12.06 16:04:12.940,1.20908,1.20916,1.50,1.50
2012.12.06 16:04:13.000,1.20908,1.20918,1.50,3.90
2012.12.06 16:04:13.790,1.20908,1.20922,1.50,3.38
2012.12.06 16:04:13.970,1.20908,1.20922,1.50,1.73
2012.12.06 16:04:17.199,1.2091,1.20923,1.50,3.38
2012.12.06 16:04:17.681,1.20912,1.20923,1.28,2.25
2012.12.06 16:04:18.040,1.20918,1.20929,1.13,1.35
2012.12.06 16:04:18.340,1.20916,1.20931,1.35,2.63
2012.12.06 16:04:18.400,1.20916,1.20931,1.35,2.63
2012.12.06 16:04:18.692,1.20916,1.20931,1.13,1.50
2012.12.06 16:04:19.414,1.20915,1.20931,6.00,3.00
2012.12.06 16:04:19.492,1.20915,1.20931,3.00,4.35
2012.12.06 16:04:21.591,1.20916,1.20931,3.75,3.23
2012.12.06 16:04:21.770,1.20917,1.20931,1.13,3.23
2012.12.06 16:04:24.053,1.20919,1.20931,1.50,1.73
2012.12.06 16:04:24.704,1.20919,1.20932,2.63,1.13
2012.12.06 16:04:25.013,1.20921,1.20933,4.13,1.73
2012.12.06 16:04:28.490,1.20924,1.20933,3.75,1.50
2012.12.06 16:04:28.731,1.20924,1.20938,1.13,3.83
2012.12.06 16:04:28.852,1.20924,1.20937,1.28,1.13
2012.12.06 16:04:33.923,1.20923,1.20938,1.88,2.63
2012.12.06 16:04:34.480,1.20923,1.20937,4.50,1.13
2012.12.06 16:04:35.092,1.20923,1.20938,4.50,4.13
2012.12.06 16:04:36.360,1.20924,1.20938,1.50,4.13
2012.12.06 16:04:36.541,1.20925,1.20938,1.13,3.75
2012.12.06 16:04:37.080,1.20924,1.20937,1.50,1.13
2012.12.06 16:04:38.271,1.20926,1.20938,1.13,3.90
2012.12.06 16:04:38.750,1.20923,1.20937,3.66,1.13
2012.12.06 16:04:41.261,1.20924,1.20938,1.13,4.13
2012.12.06 16:04:41.781,1.20922,1.20937,5.92,1.13
2012.12.06 16:04:47.831,1.20923,1.20938,1.88,4.88
2012.12.06 16:04:48.391,1.20923,1.20938,2.25,4.65
2012.12.06 16:04:48.572,1.20923,1.20937,1.88,1.13
2012.12.06 16:04:49.080,1.20924,1.20937,1.50,1.35
2012.12.06 16:04:52.470,1.20924,1.20937,5.25,1.13
2012.12.06 16:04:52.530,1.20925,1.20938,1.13,3.90
2012.12.06 16:04:52.832,1.20927,1.2094,1.88,2.25
2012.12.06 16:04:58.380,1.20927,1.20942,3.06,1.13
2012.12.06 16:04:58.741,1.20927,1.20942,1.28,3.32
2012.12.06 16:04:59.341,1.20927,1.20942,1.28,3.32
2012.12.06 16:05:00.090,1.20926,1.20942,1.50,3.09
2012.12.06 16:05:00.331,1.20928,1.20942,3.75,3.84
2012.12.06 16:05:00.390,1.20926,1.20942,1.35,4.59
2012.12.06 16:05:00.510,1.20924,1.20942,5.40,4.59
2012.12.06 16:05:01.067,1.20924,1.20941,4.94,1.13
2012.12.06 16:05:01.620,1.20924,1.20941,3.44,1.13
2012.12.06 16:05:03.311,1.20926,1.20942,3.75,3.84
2012.12.06 16:05:03.791,1.20924,1.20941,10.73,4.65
2012.12.06 16:05:04.350,1.20924,1.20941,3.00,4.88
2012.12.06 16:05:10.360,1.20924,1.20941,1.50,2.63
2012.12.06 16:05:13.813,1.20923,1.2094,1.79,5.63
2012.12.06 16:05:13.881,1.20923,1.20939,1.79,1.35
2012.12.06 16:05:14.431,1.20919,1.20935,1.79,1.73
2012.12.06 16:05:14.611,1.20919,1.20935,1.04,1.73
2012.12.06 16:05:15.185,1.20919,1.20936,1.04,4.44
2012.12.06 16:05:17.054,1.2092,1.20936,1.13,4.44
2012.12.06 16:05:17.197,1.20919,1.20936,1.04,4.59
2012.12.06 16:05:17.683,1.20918,1.20933,1.94,1.13
2012.12.06 16:05:18.241,1.20917,1.20933,4.04,3.60
2012.12.06 16:05:19.740,1.20917,1.20933,4.79,3.60
2012.12.06 16:05:20.720,1.20917,1.20932,1.94,1.35
2012.12.06 16:05:21.260,1.20915,1.20929,2.25,1.50
2012.12.06 16:05:21.733,1.20915,1.20927,1.50,1.50
2012.12.06 16:05:22.041,1.20911,1.20922,3.00,1.35
2012.12.06 16:05:22.562,1.20909,1.2092,1.50,1.50
2012.12.06 16:05:23.980,1.20909,1.2092,2.63,1.50
2012.12.06 16:05:26.170,1.20909,1.2092,2.40,1.50
2012.12.06 16:05:27.142,1.20909,1.2092,2.40,1.50
2012.12.06 16:05:27.701,1.2091,1.2092,1.13,1.50
2012.12.06 16:05:27.934,1.20909,1.2092,3.75,1.50
2012.12.06 16:05:28.473,1.20909,1.2092,3.29,1.50
2012.12.06 16:05:28.676,1.20909,1.2092,2.63,1.50
2012.12.06 16:05:28.941,1.20909,1.2092,2.63,1.50
2012.12.06 16:05:29.131,1.20909,1.2092,3.00,1.50
2012.12.06 16:05:30.562,1.20909,1.2092,1.88,1.50
2012.12.06 16:05:31.113,1.20909,1.2092,2.63,1.50
2012.12.06 16:05:31.826,1.20911,1.20921,1.43,1.73
2012.12.06 16:05:31.904,1.20909,1.20921,1.50,1.73
2012.12.06 16:05:40.291,1.20909,1.20921,1.88,1.50
2012.12.06 16:05:40.481,1.20909,1.20921,1.50,1.50
2012.12.06 16:05:41.048,1.20908,1.20921,1.65,1.73
2012.12.06 16:05:41.722,1.20907,1.20921,2.54,1.73
2012.12.06 16:05:42.105,1.20907,1.20918,4.04,1.73
2012.12.06 16:05:42.421,1.20904,1.2091,2.25,1.50
2012.12.06 16:05:42.481,1.20898,1.2091,3.15,1.50
2012.12.06 16:05:43.511,1.20897,1.2091,1.88,1.50
2012.12.06 16:05:44.440,1.20897,1.2091,3.00,1.50
2012.12.06 16:05:46.933,1.20897,1.2091,3.00,1.50
2012.12.06 16:05:47.004,1.20898,1.2091,3.75,1.50
2012.12.06 16:05:48.061,1.20897,1.2091,2.25,1.50
2012.12.06 16:05:50.687,1.20898,1.2091,1.50,1.50
2012.12.06 16:05:51.627,1.20898,1.20912,1.50,1.65
2012.12.06 16:05:51.979,1.20903,1.20914,1.27,1.88
2012.12.06 16:05:52.282,1.20914,1.20923,1.04,1.50
2012.12.06 16:05:52.592,1.20915,1.20931,1.13,5.25
2012.12.06 16:05:52.712,1.20915,1.20931,1.88,3.75
2012.12.06 16:05:53.272,1.20916,1.20931,1.13,3.00
2012.12.06 16:05:54.882,1.2091,1.20931,5.10,3.00
2012.12.06 16:05:55.095,1.20913,1.20918,1.73,3.00
2012.12.06 16:05:55.361,1.20907,1.20914,1.50,1.13
2012.12.06 16:05:55.873,1.20908,1.20913,4.13,2.25
2012.12.06 16:05:55.942,1.20906,1.20913,4.13,2.25
2012.12.06 16:05:56.011,1.20899,1.20913,1.65,2.63
2012.12.06 16:05:58.110,1.20899,1.20913,2.25,2.40
2012.12.06 16:05:58.353,1.20899,1.20913,1.35,3.38
2012.12.06 16:05:58.618,1.209,1.20913,1.50,2.63
2012.12.06 16:05:58.932,1.20904,1.20913,3.75,2.63
2012.12.06 16:05:59.431,1.20905,1.20916,1.13,3.08
2012.12.06 16:05:59.588,1.20904,1.20917,4.73,3.75
2012.12.06 16:06:00.171,1.20905,1.20919,3.60,1.50
2012.12.06 16:06:00.588,1.20907,1.20919,4.13,1.50
2012.12.06 16:06:01.231,1.20905,1.20919,2.63,1.50
2012.12.06 16:06:02.491,1.20905,1.20918,2.25,3.75
2012.12.06 16:06:02.674,1.20905,1.20919,2.25,2.25
2012.12.06 16:06:03.182,1.20908,1.20922,1.50,5.34
2012.12.06 16:06:04.641,1.20908,1.20918,1.50,1.50
2012.12.06 16:06:04.701,1.20904,1.20918,3.60,3.00
2012.12.06 16:06:04.822,1.20907,1.20918,1.50,1.73
2012.12.06 16:06:04.973,1.20907,1.20921,2.25,4.22
2012.12.06 16:06:05.946,1.20905,1.20919,2.25,3.23
2012.12.06 16:06:09.403,1.20905,1.20919,1.50,3.98
2012.12.06 16:06:09.710,1.209,1.20914,2.25,2.85
2012.12.06 16:06:09.890,1.209,1.20914,1.50,2.85
2012.12.06 16:06:10.437,1.20899,1.20913,2.25,1.13
2012.12.06 16:06:12.460,1.20898,1.20903,1.50,1.13
2012.12.06 16:06:12.641,1.20892,1.20903,4.28,1.13
2012.12.06 16:06:12.760,1.20892,1.20903,3.53,1.88
2012.12.06 16:06:13.271,1.20889,1.20903,3.00,3.60
2012.12.06 16:06:13.961,1.20891,1.20903,1.50,2.48
2012.12.06 16:06:14.022,1.20893,1.20907,1.50,3.75
2012.12.06 16:06:14.533,1.20893,1.20907,1.50,2.85
2012.12.06 16:06:19.692,1.20893,1.20904,1.50,1.13
2012.12.06 16:06:19.761,1.20893,1.20906,1.50,3.38
2012.12.06 16:06:21.371,1.20893,1.20906,1.50,5.63
2012.12.06 16:06:24.592,1.20893,1.20906,1.50,1.13
2012.12.06 16:06:25.143,1.20893,1.20905,1.50,1.50
2012.12.06 16:06:29.142,1.20897,1.20906,2.48,1.97
2012.12.06 16:06:29.690,1.20897,1.20913,6.23,2.63
2012.12.06 16:06:30.769,1.20898,1.20913,1.50,1.50
2012.12.06 16:06:32.862,1.20901,1.20914,3.75,1.50
2012.12.06 16:06:33.170,1.20905,1.20916,2.80,1.50
2012.12.06 16:06:33.411,1.20905,1.20918,2.80,1.50
2012.12.06 16:06:33.473,1.20905,1.20921,4.30,5.63
2012.12.06 16:06:35.634,1.20905,1.20918,3.92,3.75
2012.12.06 16:06:35.764,1.20905,1.20918,3.92,3.75
2012.12.06 16:06:35.891,1.20909,1.2092,1.50,1.50
2012.12.06 16:06:36.311,1.20909,1.20921,1.50,1.88
2012.12.06 16:06:36.552,1.20912,1.20926,1.50,6.23
2012.12.06 16:06:36.681,1.20909,1.20924,2.25,1.73
2012.12.06 16:06:37.552,1.20909,1.20914,2.25,1.13
2012.12.06 16:06:37.685,1.20906,1.20916,2.65,1.97
2012.12.06 16:06:37.752,1.20911,1.20925,1.50,2.25
2012.12.06 16:06:37.821,1.20909,1.20924,1.50,4.73
2012.12.06 16:06:38.354,1.20908,1.20924,2.25,3.23
2012.12.06 16:06:39.201,1.20908,1.20923,2.63,2.85
2012.12.06 16:06:39.382,1.20907,1.20916,1.13,1.97
2012.12.06 16:06:39.443,1.20908,1.20918,1.13,1.50
2012.12.06 16:06:39.930,1.20909,1.20923,2.25,1.50
2012.12.06 16:06:40.050,1.2091,1.20925,1.50,1.50
2012.12.06 16:06:41.620,1.20909,1.20924,2.25,1.50
2012.12.06 16:06:41.741,1.20908,1.20922,2.63,1.50
2012.12.06 16:06:42.463,1.20908,1.20922,2.63,1.50
2012.12.06 16:06:44.961,1.20909,1.20922,1.79,1.50
2012.12.06 16:06:45.020,1.20911,1.20925,1.50,2.25
2012.12.06 16:06:45.511,1.20911,1.20922,1.50,3.75
2012.12.06 16:06:45.691,1.20909,1.20922,2.25,3.69
2012.12.06 16:06:45.752,1.20911,1.20922,1.50,2.87
2012.12.06 16:06:46.411,1.20911,1.20923,1.50,3.60
2012.12.06 16:06:48.241,1.20911,1.2092,1.50,1.50
2012.12.06 16:06:48.373,1.20908,1.20919,1.50,1.13
2012.12.06 16:06:48.443,1.20908,1.20922,6.00,1.73
2012.12.06 16:06:48.572,1.20911,1.20923,1.50,1.50
2012.12.06 16:06:48.751,1.20911,1.20925,1.50,2.25
2012.12.06 16:06:49.231,1.20911,1.20923,1.50,1.50
2012.12.06 16:06:49.351,1.20909,1.20923,2.10,4.88
2012.12.06 16:06:49.770,1.20907,1.20921,5.54,1.50
2012.12.06 16:06:53.091,1.20907,1.20921,2.63,3.15
2012.12.06 16:06:56.291,1.20908,1.20922,6.00,1.13
2012.12.06 16:06:56.845,1.20908,1.20923,2.25,3.38
2012.12.06 16:07:00.329,1.20908,1.20923,3.00,3.38
2012.12.06 16:07:01.463,1.20908,1.20923,3.75,2.63
2012.12.06 16:07:02.022,1.2091,1.20923,3.90,2.63
2012.12.06 16:07:02.593,1.20909,1.20923,1.50,2.63
2012.12.06 16:07:03.465,1.20912,1.20923,1.50,1.88
2012.12.06 16:07:03.532,1.20912,1.20923,2.63,1.50
2012.12.06 16:07:03.593,1.20914,1.20925,4.50,1.50
2012.12.06 16:07:03.933,1.20917,1.20926,1.50,1.50
2012.12.06 16:07:04.201,1.20917,1.20931,1.50,3.15
2012.12.06 16:07:04.761,1.20917,1.20931,1.50,1.65
2012.12.06 16:07:07.972,1.20916,1.2093,1.13,3.47
2012.12.06 16:07:08.152,1.20914,1.2093,1.50,3.69
2012.12.06 16:07:09.371,1.20914,1.2093,1.88,3.69
2012.12.06 16:07:09.741,1.20917,1.2093,1.50,1.97
2012.12.06 16:07:09.800,1.20917,1.20931,1.50,3.90
2012.12.06 16:07:10.537,1.20917,1.20931,1.50,3.62
2012.12.06 16:07:12.711,1.20915,1.20929,3.00,3.47
2012.12.06 16:07:13.482,1.20916,1.20932,1.50,6.09
2012.12.06 16:07:17.850,1.20916,1.20932,3.75,3.84
2012.12.06 16:07:18.400,1.20918,1.20933,1.50,3.38
2012.12.06 16:07:27.750,1.20918,1.20933,1.50,3.60
2012.12.06 16:07:27.931,1.20918,1.20929,1.50,1.97
2012.12.06 16:07:28.446,1.20915,1.20929,1.50,3.47
2012.12.06 16:07:28.570,1.20914,1.20929,1.13,3.47
2012.12.06 16:07:29.181,1.20913,1.20929,3.00,3.47
2012.12.06 16:07:29.482,1.2092,1.20933,2.48,2.63
2012.12.06 16:07:29.790,1.20929,1.2094,1.50,3.75
2012.12.06 16:07:30.094,1.20933,1.20944,2.25,1.50
2012.12.06 16:07:30.223,1.20928,1.20944,3.00,3.75
2012.12.06 16:07:30.691,1.20928,1.20944,1.50,3.75
2012.12.06 16:07:30.881,1.20928,1.20942,1.50,2.40
2012.12.06 16:07:30.941,1.20926,1.20942,4.13,4.13
2012.12.06 16:07:31.632,1.20926,1.20942,2.63,4.88
2012.12.06 16:07:31.991,1.20926,1.20939,1.50,1.50
2012.12.06 16:07:32.771,1.20926,1.20941,1.50,3.75
2012.12.06 16:07:34.159,1.20926,1.20941,2.25,1.65
2012.12.06 16:07:34.790,1.20926,1.20941,2.25,1.88
2012.12.06 16:07:37.700,1.20926,1.20941,6.00,1.88
2012.12.06 16:07:37.821,1.20929,1.20942,1.50,1.88
2012.12.06 16:07:38.341,1.20929,1.20943,1.50,3.60
2012.12.06 16:07:39.201,1.20929,1.20942,1.50,2.12
2012.12.06 16:07:39.524,1.20929,1.20935,1.50,1.65
2012.12.06 16:07:39.591,1.20924,1.20935,2.48,1.65
2012.12.06 16:07:39.771,1.20926,1.20938,2.17,1.50
2012.12.06 16:07:40.011,1.20929,1.20938,1.50,1.50
2012.12.06 16:07:40.072,1.20929,1.20942,1.50,2.12
2012.12.06 16:07:42.241,1.20929,1.20942,5.25,2.87
2012.12.06 16:07:42.301,1.2093,1.20943,1.13,3.45
2012.12.06 16:07:42.841,1.2093,1.20943,2.63,1.73
2012.12.06 16:07:43.933,1.20932,1.20943,1.88,1.65
2012.12.06 16:07:44.184,1.20935,1.20946,1.88,1.50
2012.12.06 16:07:45.067,1.20937,1.20948,1.50,1.88
2012.12.06 16:07:45.142,1.20939,1.20951,1.50,1.35
2012.12.06 16:07:46.112,1.20939,1.20951,1.50,1.35
2012.12.06 16:07:47.283,1.20939,1.20947,1.50,1.88
2012.12.06 16:07:47.352,1.20935,1.20947,2.25,1.50
2012.12.06 16:07:47.411,1.20938,1.20949,1.50,1.50
2012.12.06 16:07:47.530,1.20938,1.20952,1.50,1.73
2012.12.06 16:07:47.770,1.20938,1.20952,1.50,2.10
2012.12.06 16:07:48.441,1.20938,1.20953,1.50,5.19
2012.12.06 16:07:48.501,1.20938,1.20953,1.50,5.19
2012.12.06 16:07:50.708,1.20938,1.20951,1.50,1.88
2012.12.06 16:07:52.492,1.20938,1.20951,2.63,1.73
2012.12.06 16:07:52.562,1.20938,1.20951,3.00,2.10
2012.12.06 16:07:53.122,1.2094,1.20952,1.50,1.13
2012.12.06 16:07:54.158,1.20941,1.20952,1.50,1.13
2012.12.06 16:07:54.372,1.20941,1.20954,2.25,2.40
2012.12.06 16:07:54.516,1.20942,1.20954,1.50,1.50
2012.12.06 16:07:55.184,1.20951,1.20958,3.00,1.73
2012.12.06 16:07:55.514,1.20952,1.20957,4.50,1.50
2012.12.06 16:07:56.060,1.20952,1.2096,1.73,1.50
2012.12.06 16:07:56.362,1.20959,1.20966,1.13,1.28
2012.12.06 16:07:56.494,1.2096,1.20967,1.13,1.50
2012.12.06 16:07:56.881,1.2096,1.20971,2.63,1.50
2012.12.06 16:07:57.061,1.2096,1.20971,2.63,1.50
2012.12.06 16:07:57.253,1.20963,1.20978,1.50,5.48
2012.12.06 16:07:58.751,1.20963,1.20978,1.88,5.48
2012.12.06 16:07:58.872,1.20965,1.20978,1.50,4.73
2012.12.06 16:07:59.111,1.20965,1.20979,3.00,1.50
2012.12.06 16:07:59.172,1.20969,1.2098,1.50,1.50
2012.12.06 16:07:59.292,1.20969,1.20984,2.25,1.73
2012.12.06 16:07:59.412,1.20971,1.20987,1.50,1.73
2012.12.06 16:07:59.532,1.20971,1.20987,1.50,1.73
2012.12.06 16:08:00.841,1.20972,1.20988,1.50,1.80
2012.12.06 16:08:01.452,1.20972,1.20988,1.50,1.80
2012.12.06 16:08:02.004,1.20972,1.20988,2.25,1.80
2012.12.06 16:08:02.633,1.20973,1.20989,1.50,1.05
2012.12.06 16:08:03.641,1.20972,1.20988,1.50,1.20
2012.12.06 16:08:03.702,1.2097,1.20987,3.38,4.73
2012.12.06 16:08:04.253,1.2097,1.20987,1.13,4.88
2012.12.06 16:08:04.802,1.2097,1.20987,3.00,4.88
2012.12.06 16:08:05.331,1.20972,1.20988,2.25,1.35
2012.12.06 16:08:05.963,1.20972,1.20988,3.00,2.10
2012.12.06 16:08:06.105,1.20973,1.20988,1.65,1.88
2012.12.06 16:08:06.602,1.2097,1.20987,2.25,4.88
2012.12.06 16:08:08.101,1.2097,1.20987,2.25,4.88
2012.12.06 16:08:08.403,1.2097,1.20987,1.50,4.88
2012.12.06 16:08:09.342,1.20969,1.20985,3.23,3.75
2012.12.06 16:08:09.642,1.20969,1.20985,2.48,3.90
2012.12.06 16:08:11.890,1.20969,1.20984,1.88,1.88
2012.12.06 16:08:12.194,1.20964,1.20973,7.79,1.13
2012.12.06 16:08:12.322,1.20959,1.20973,2.54,1.13
2012.12.06 16:08:12.441,1.20959,1.20976,3.29,2.94
2012.12.06 16:08:12.742,1.20961,1.20976,1.50,2.72
2012.12.06 16:08:15.602,1.2096,1.20976,1.50,1.97
2012.12.06 16:08:16.262,1.20962,1.20976,1.28,1.97
2012.12.06 16:08:16.382,1.20963,1.20978,2.25,1.13
2012.12.06 16:08:17.282,1.20963,1.20979,3.75,4.35
2012.12.06 16:08:17.553,1.20963,1.20977,2.25,1.97
2012.12.06 16:08:18.120,1.20961,1.20977,3.15,3.84
2012.12.06 16:08:18.424,1.20961,1.20977,3.38,3.62
2012.12.06 16:08:18.612,1.20961,1.20977,2.25,3.84
2012.12.06 16:08:20.654,1.20961,1.20976,1.50,1.50
2012.12.06 16:08:22.202,1.2096,1.20976,2.25,1.50
2012.12.06 16:08:22.882,1.2096,1.20976,2.25,2.25
2012.12.06 16:08:26.612,1.2096,1.20976,1.88,2.25
2012.12.06 16:08:29.460,1.2096,1.20976,3.00,2.25
2012.12.06 16:08:30.500,1.2096,1.20976,3.00,2.25
2012.12.06 16:08:33.992,1.20961,1.20976,2.25,1.50
2012.12.06 16:08:39.931,1.20961,1.20976,2.25,1.50
2012.12.06 16:08:42.591,1.20963,1.20976,1.65,1.50
2012.12.06 16:08:44.643,1.20961,1.20976,1.50,1.73
2012.12.06 16:08:48.001,1.20961,1.20976,2.44,1.73
2012.12.06 16:08:49.174,1.20961,1.20976,2.25,1.73
2012.12.06 16:08:51.071,1.2096,1.20976,3.00,2.48
2012.12.06 16:08:54.530,1.2096,1.20974,2.25,1.13
2012.12.06 16:08:54.590,1.20959,1.20974,4.50,1.35
2012.12.06 16:08:55.382,1.20959,1.20975,3.29,4.73
2012.12.06 16:08:55.751,1.20964,1.20978,1.13,2.63
2012.12.06 16:08:55.930,1.20964,1.20978,3.00,2.63
2012.12.06 16:08:56.192,1.20964,1.20978,2.25,3.15
2012.12.06 16:08:57.160,1.20964,1.20976,2.25,2.72
2012.12.06 16:08:57.227,1.20963,1.20974,3.15,1.13
2012.12.06 16:08:57.353,1.20964,1.20976,1.50,1.97
2012.12.06 16:08:57.485,1.20964,1.20981,2.25,2.63
2012.12.06 16:08:57.672,1.20964,1.20981,2.25,1.13
2012.12.06 16:08:57.921,1.20968,1.20982,1.50,3.84
2012.12.06 16:08:58.470,1.20967,1.20982,3.00,3.84
2012.12.06 16:08:59.892,1.20967,1.20981,1.88,1.50
2012.12.06 16:09:05.730,1.20967,1.20981,1.50,1.50
2012.12.06 16:09:11.591,1.20969,1.20982,2.25,2.19
2012.12.06 16:09:11.653,1.20969,1.20984,3.00,3.23
2012.12.06 16:09:12.082,1.20969,1.20986,3.93,1.50
2012.12.06 16:09:12.261,1.20971,1.20986,1.50,1.50
2012.12.06 16:09:12.561,1.20974,1.20989,1.73,1.58
2012.12.06 16:09:13.083,1.20974,1.20991,1.73,4.80
2012.12.06 16:09:13.162,1.20974,1.20992,4.11,1.88
2012.12.06 16:09:14.080,1.20974,1.20992,3.23,1.88
2012.12.06 16:09:14.511,1.20974,1.20992,3.23,3.38
2012.12.06 16:09:16.262,1.20974,1.20992,1.50,3.38
2012.12.06 16:09:16.322,1.20973,1.20992,3.07,4.13
2012.12.06 16:09:18.691,1.20973,1.20988,1.13,2.10
2012.12.06 16:09:19.051,1.20971,1.20986,2.25,2.63
2012.12.06 16:09:19.231,1.2097,1.20986,3.29,1.88
2012.12.06 16:09:19.781,1.2097,1.20984,1.50,1.13
2012.12.06 16:09:20.142,1.2097,1.20985,1.50,2.34
2012.12.06 16:09:23.320,1.20968,1.20984,1.13,1.50
2012.12.06 16:09:26.402,1.20971,1.20985,1.50,2.19
2012.12.06 16:09:26.462,1.20971,1.20986,1.50,2.48
2012.12.06 16:09:26.821,1.20971,1.20986,1.50,2.63
2012.12.06 16:09:27.663,1.20972,1.20986,1.50,2.78
2012.12.06 16:09:31.072,1.20972,1.20986,1.50,2.63
2012.12.06 16:09:32.464,1.20974,1.20988,1.88,3.60
2012.12.06 16:09:32.772,1.20976,1.2099,1.50,3.08
2012.12.06 16:09:33.074,1.20972,1.20983,3.75,1.13
2012.12.06 16:09:33.261,1.20972,1.20984,3.75,3.47
2012.12.06 16:09:33.382,1.2097,1.20984,2.25,3.47
2012.12.06 16:09:33.441,1.2097,1.2098,1.50,1.73
2012.12.06 16:09:33.692,1.20964,1.20975,1.50,1.13
2012.12.06 16:09:33.871,1.20964,1.20976,2.25,2.25
2012.12.06 16:09:33.931,1.20963,1.20976,1.50,1.50
2012.12.06 16:09:33.995,1.20966,1.20979,1.79,1.73
2012.12.06 16:09:34.702,1.20964,1.2098,3.29,2.25
2012.12.06 16:09:43.570,1.20964,1.2098,3.29,2.63
2012.12.06 16:09:43.692,1.20964,1.20978,2.25,1.65
2012.12.06 16:09:44.620,1.20965,1.20978,1.50,1.50
2012.12.06 16:09:44.741,1.20967,1.2098,1.88,1.50
2012.12.06 16:09:45.042,1.20964,1.20979,2.48,1.65
2012.12.06 16:09:45.609,1.20964,1.20978,1.50,1.50
2012.12.06 16:09:49.060,1.20964,1.20978,1.50,1.73
2012.12.06 16:09:51.982,1.20964,1.20978,1.50,2.10
2012.12.06 16:09:52.221,1.20962,1.20975,1.50,1.35
2012.12.06 16:09:54.472,1.20962,1.20976,1.50,5.48
2012.12.06 16:09:55.012,1.20962,1.20976,1.50,1.50
2012.12.06 16:10:00.544,1.20963,1.20976,3.75,1.50
2012.12.06 16:10:00.793,1.20966,1.2098,1.50,4.73
2012.12.06 16:10:00.980,1.20964,1.20978,2.77,1.50
2012.12.06 16:10:04.703,1.20966,1.20978,3.75,1.73
2012.12.06 16:10:04.890,1.20964,1.20978,4.50,1.73
2012.12.06 16:10:05.131,1.20965,1.20981,1.50,7.88
2012.12.06 16:10:05.194,1.20965,1.20978,1.50,1.50
2012.12.06 16:10:05.690,1.20966,1.20978,3.98,1.50
2012.12.06 16:10:06.212,1.20966,1.20981,1.50,6.38
2012.12.06 16:10:06.732,1.20967,1.20981,1.50,2.40
2012.12.06 16:10:06.791,1.20968,1.20981,1.50,2.25
2012.12.06 16:10:06.914,1.20969,1.20983,3.00,2.25
2012.12.06 16:10:06.982,1.20971,1.20983,3.75,2.25
2012.12.06 16:10:07.521,1.20972,1.20986,3.23,3.38
2012.12.06 16:10:08.072,1.20972,1.20986,3.00,3.38
2012.12.06 16:10:09.473,1.20972,1.20985,2.25,1.13
2012.12.06 16:10:10.870,1.20972,1.20986,2.63,4.28
2012.12.06 16:10:10.992,1.20972,1.20986,2.40,3.53
2012.12.06 16:10:11.126,1.20972,1.20986,3.15,1.88
2012.12.06 16:10:11.643,1.20974,1.20988,2.40,2.63
2012.12.06 16:10:16.652,1.20973,1.20989,3.75,4.13
2012.12.06 16:10:17.012,1.20975,1.20989,3.00,1.13
2012.12.06 16:10:17.311,1.20976,1.20989,1.13,2.40
2012.12.06 16:10:17.431,1.20975,1.20989,2.40,2.63
2012.12.06 16:10:19.122,1.20974,1.20987,2.25,1.13
2012.12.06 16:10:19.241,1.20973,1.20984,1.50,1.13
2012.12.06 16:10:19.542,1.20972,1.20986,2.92,1.73
2012.12.06 16:10:19.793,1.20972,1.20987,1.42,5.63
2012.12.06 16:10:22.421,1.20972,1.20987,3.82,1.88
2012.12.06 16:10:26.809,1.20973,1.20987,1.50,1.50
2012.12.06 16:10:27.743,1.20974,1.20988,2.40,3.00
2012.12.06 16:10:29.752,1.20974,1.20988,1.88,3.00
2012.12.06 16:10:30.291,1.20975,1.20988,1.73,3.00
2012.12.06 16:10:32.432,1.20976,1.20988,2.40,1.50
2012.12.06 16:10:32.672,1.20978,1.20993,2.63,2.40
2012.12.06 16:10:32.851,1.20978,1.20993,2.63,1.88
2012.12.06 16:10:33.093,1.20979,1.20993,1.88,1.88
2012.12.06 16:10:33.501,1.20979,1.20993,2.25,1.88
2012.12.06 16:10:34.011,1.20978,1.20993,2.63,2.63
2012.12.06 16:10:35.291,1.20979,1.20993,1.50,1.88
2012.12.06 16:10:35.412,1.2098,1.20994,2.63,4.13
2012.12.06 16:10:37.621,1.20982,1.20994,1.88,1.50
2012.12.06 16:10:37.741,1.20982,1.20994,1.65,1.88
2012.12.06 16:10:38.101,1.2098,1.20993,2.40,1.13
2012.12.06 16:10:39.904,1.20979,1.20992,1.50,1.65
2012.12.06 16:10:51.553,1.20979,1.20992,5.40,1.50
2012.12.06 16:10:52.072,1.20979,1.20992,1.88,1.65
2012.12.06 16:10:58.364,1.20979,1.20992,2.25,1.73
2012.12.06 16:11:45.192,1.20979,1.20991,1.50,1.73
2012.12.06 16:11:45.434,1.20977,1.20987,2.25,1.50
2012.12.06 16:11:45.502,1.20977,1.20987,1.50,1.50
2012.12.06 16:11:45.811,1.20975,1.20989,4.50,1.50
2012.12.06 16:11:46.111,1.20977,1.20989,1.50,1.50
2012.12.06 16:11:46.291,1.20979,1.20991,1.50,1.50
2012.12.06 16:11:53.231,1.20979,1.20993,3.75,4.13
2012.12.06 16:11:54.602,1.2098,1.20993,1.88,2.63
2012.12.06 16:11:54.663,1.20981,1.20993,1.13,1.88
2012.12.06 16:11:55.210,1.2098,1.20993,1.50,1.35
2012.12.06 16:11:55.271,1.2098,1.20994,2.54,1.73
2012.12.06 16:11:55.392,1.20981,1.20995,1.50,2.25
2012.12.06 16:11:55.931,1.20982,1.20998,2.54,4.73
2012.12.06 16:11:56.483,1.20984,1.20998,4.50,3.00
2012.12.06 16:11:56.840,1.20982,1.20994,3.82,1.13
2012.12.06 16:11:57.397,1.2098,1.20993,2.63,2.25
2012.12.06 16:11:58.333,1.20979,1.20993,7.65,2.63
2012.12.06 16:11:58.990,1.20979,1.20993,3.53,2.85
2012.12.06 16:12:00.412,1.20979,1.20991,1.13,1.73
2012.12.06 16:12:00.779,1.2098,1.20993,1.50,3.90
2012.12.06 16:12:01.282,1.20977,1.20992,2.69,1.50
2012.12.06 16:12:01.474,1.20976,1.20988,2.63,1.50
2012.12.06 16:12:01.676,1.20976,1.20991,1.88,1.73
2012.12.06 16:12:02.460,1.20976,1.20991,1.65,1.73
2012.12.06 16:12:02.610,1.20975,1.20988,2.25,1.50
2012.12.06 16:12:02.962,1.20973,1.20986,6.75,2.85
2012.12.06 16:12:03.273,1.20973,1.20979,2.25,1.50
2012.12.06 16:12:03.812,1.20967,1.20979,2.25,1.50
2012.12.06 16:12:03.872,1.20967,1.20979,1.50,1.50
2012.12.06 16:12:03.934,1.20967,1.20979,1.50,1.50
2012.12.06 16:12:04.132,1.20966,1.20979,1.50,1.50
2012.12.06 16:12:04.891,1.20964,1.20979,2.40,1.50
2012.12.06 16:12:06.193,1.20964,1.20977,1.05,1.50
2012.12.06 16:12:06.501,1.20963,1.20972,1.65,1.50
2012.12.06 16:12:07.439,1.20967,1.20979,1.42,2.25
2012.12.06 16:12:07.508,1.20967,1.20979,1.04,1.50
2012.12.06 16:12:07.772,1.20968,1.20977,1.65,1.50
2012.12.06 16:12:08.012,1.20968,1.20982,3.15,1.65
2012.12.06 16:12:08.431,1.20968,1.20981,2.25,3.98
2012.12.06 16:12:08.491,1.20966,1.2098,1.50,2.25
2012.12.06 16:12:08.732,1.20966,1.20975,1.50,1.13
2012.12.06 16:12:09.210,1.20964,1.20972,1.50,1.65
2012.12.06 16:12:09.450,1.20962,1.20972,1.13,1.65
2012.12.06 16:12:12.093,1.20958,1.20972,2.25,1.50
2012.12.06 16:12:12.535,1.20958,1.20972,3.38,1.50
2012.12.06 16:12:12.723,1.20958,1.20972,1.65,1.65
2012.12.06 16:12:13.212,1.20956,1.2097,1.50,1.50
2012.12.06 16:12:16.120,1.20955,1.2097,3.60,1.50
2012.12.06 16:12:16.432,1.20957,1.2097,1.65,1.50
2012.12.06 16:12:16.551,1.20958,1.20972,2.25,1.50
2012.12.06 16:12:21.061,1.20958,1.20972,2.25,1.50
2012.12.06 16:12:21.180,1.20959,1.20972,2.54,1.50
2012.12.06 16:12:21.242,1.20962,1.20975,1.50,1.50
2012.12.06 16:12:21.798,1.20963,1.20976,1.50,1.73
2012.12.06 16:12:22.303,1.20962,1.20976,4.42,1.88
2012.12.06 16:12:23.041,1.20963,1.20976,1.13,1.50
2012.12.06 16:12:35.293,1.20962,1.20973,2.25,1.50
2012.12.06 16:12:35.723,1.2096,1.20973,1.50,1.50
2012.12.06 16:12:45.069,1.20963,1.20974,1.50,2.48
2012.12.06 16:12:45.180,1.20963,1.20974,3.14,1.50
2012.12.06 16:12:45.242,1.20965,1.20974,3.75,1.50
2012.12.06 16:12:45.301,1.20964,1.20974,2.02,1.50
2012.12.06 16:12:45.361,1.20964,1.20978,4.27,1.50
2012.12.06 16:12:45.874,1.20966,1.2098,2.48,4.50
2012.12.06 16:12:46.273,1.20967,1.2098,1.88,3.75
2012.12.06 16:12:46.615,1.20969,1.20983,2.63,5.63
2012.12.06 16:12:46.872,1.20969,1.20983,2.63,4.88
2012.12.06 16:12:51.861,1.20969,1.20983,2.63,3.38
2012.12.06 16:12:52.100,1.20969,1.20983,2.25,4.13
2012.12.06 16:12:57.127,1.20969,1.20983,2.63,3.90
2012.12.06 16:12:57.521,1.20969,1.20983,2.25,3.15
2012.12.06 16:12:58.741,1.20969,1.20982,1.50,4.65
2012.12.06 16:12:59.172,1.20966,1.20981,1.88,1.73
2012.12.06 16:13:00.062,1.20967,1.20982,1.13,5.19
2012.12.06 16:13:00.301,1.20966,1.20982,1.50,5.94
2012.12.06 16:13:01.280,1.20966,1.20982,3.00,4.59
2012.12.06 16:13:01.403,1.20967,1.20982,1.65,4.59
2012.12.06 16:13:02.131,1.20969,1.20982,2.25,2.12
2012.12.06 16:13:02.803,1.20969,1.20983,2.25,4.13
2012.12.06 16:13:03.972,1.20969,1.20983,1.50,4.13
2012.12.06 16:13:05.862,1.20969,1.20983,2.63,4.50
2012.12.06 16:13:06.222,1.20977,1.20983,1.88,2.25
2012.12.06 16:13:06.723,1.20976,1.20992,2.02,2.25
2012.12.06 16:13:06.792,1.20976,1.20988,2.02,1.65
2012.12.06 16:13:07.211,1.20976,1.20986,1.50,3.75
2012.12.06 16:13:07.761,1.20977,1.20986,1.50,4.50
2012.12.06 16:13:07.891,1.2097,1.20986,1.88,6.00
2012.12.06 16:13:18.785,1.20971,1.20985,2.85,1.50
2012.12.06 16:13:18.919,1.20972,1.20988,2.69,4.65
2012.12.06 16:13:19.231,1.20972,1.20986,1.65,1.50
2012.12.06 16:13:19.532,1.20974,1.20988,1.50,3.15
2012.12.06 16:13:19.872,1.20974,1.20986,1.50,1.50
2012.12.06 16:13:19.932,1.20971,1.20986,2.85,3.00
2012.12.06 16:13:20.052,1.20973,1.20988,4.65,2.25
2012.12.06 16:13:20.590,1.20975,1.20989,2.25,3.00
2012.12.06 16:13:23.414,1.20975,1.20989,1.50,1.88
2012.12.06 16:13:36.292,1.20975,1.20989,3.00,1.88
2012.12.06 16:13:36.361,1.20976,1.20989,1.50,1.88
2012.12.06 16:13:37.672,1.20977,1.20991,4.04,1.50
2012.12.06 16:13:37.730,1.20977,1.20989,2.25,1.50
2012.12.06 16:13:38.032,1.20974,1.20987,1.92,6.15
2012.12.06 16:13:38.511,1.20971,1.20985,2.63,1.50
2012.12.06 16:13:44.182,1.20969,1.20984,3.52,1.50
2012.12.06 16:13:51.825,1.20969,1.20982,2.02,3.75
2012.12.06 16:13:52.152,1.20966,1.20977,3.60,1.65
2012.12.06 16:13:52.635,1.20961,1.20975,2.48,1.50
2012.12.06 16:13:53.192,1.20962,1.20977,1.50,1.88
2012.12.06 16:13:53.953,1.20962,1.20977,1.50,1.65
2012.12.06 16:13:54.261,1.20961,1.20975,1.50,1.50
2012.12.06 16:13:55.442,1.20961,1.20974,1.50,1.97
2012.12.06 16:13:55.975,1.2096,1.20975,1.73,1.50
2012.12.06 16:13:57.011,1.20961,1.20975,4.50,1.50
2012.12.06 16:13:57.431,1.20963,1.20977,2.14,1.13
2012.12.06 16:13:57.732,1.20966,1.2098,1.79,2.48
2012.12.06 16:13:58.243,1.20965,1.20979,3.00,2.25
2012.12.06 16:13:58.312,1.20965,1.20979,3.00,1.50
2012.12.06 16:13:59.012,1.20964,1.20977,1.79,1.50
2012.12.06 16:13:59.071,1.20964,1.2098,3.52,3.00
2012.12.06 16:13:59.252,1.20964,1.20978,3.23,1.50
2012.12.06 16:13:59.790,1.20965,1.20979,1.73,1.50
2012.12.06 16:14:00.351,1.20965,1.20979,2.10,1.50
2012.12.06 16:14:00.891,1.20967,1.20979,3.29,1.50
2012.12.06 16:14:01.192,1.20968,1.20982,1.50,4.37
2012.12.06 16:14:01.553,1.20966,1.20979,2.25,1.50
2012.12.06 16:14:02.113,1.20964,1.20979,5.39,1.50
2012.12.06 16:14:03.098,1.20965,1.20981,3.00,3.75
2012.12.06 16:14:03.221,1.20965,1.20978,3.00,1.50
2012.12.06 16:14:03.762,1.20963,1.20979,3.78,1.50
2012.12.06 16:14:04.461,1.20964,1.20979,1.02,3.00
2012.12.06 16:14:05.001,1.20965,1.20981,2.25,7.28
2012.12.06 16:14:05.361,1.20964,1.20978,2.25,1.50
2012.12.06 16:14:08.061,1.20964,1.20978,3.00,1.50
2012.12.06 16:14:08.601,1.20964,1.20978,3.00,1.50
2012.12.06 16:14:11.271,1.20964,1.20978,3.38,1.50
2012.12.06 16:14:13.652,1.20965,1.20978,1.50,1.50
2012.12.06 16:14:14.011,1.20966,1.20978,1.73,1.50
2012.12.06 16:14:14.571,1.20967,1.20978,3.75,1.50
2012.12.06 16:14:15.130,1.20968,1.20982,1.88,3.15
2012.12.06 16:14:15.552,1.20967,1.2098,1.50,1.50
2012.12.06 16:14:16.131,1.20967,1.2098,1.50,1.50
2012.12.06 16:14:16.311,1.20968,1.20982,3.00,2.40
2012.12.06 16:14:16.653,1.20968,1.2098,1.88,1.50
2012.12.06 16:14:16.722,1.20973,1.20985,1.13,1.73
2012.12.06 16:14:16.782,1.20972,1.20986,3.00,6.90
2012.12.06 16:14:17.341,1.20972,1.20986,1.88,4.50
2012.12.06 16:14:17.460,1.2097,1.20984,4.79,1.50
2012.12.06 16:14:17.640,1.2097,1.20984,4.04,1.50
2012.12.06 16:14:18.355,1.20971,1.20984,3.75,1.50
2012.12.06 16:14:18.421,1.2097,1.20984,3.29,1.50
2012.12.06 16:14:20.375,1.20969,1.20983,1.13,1.50
2012.12.06 16:14:20.562,1.20967,1.20983,2.99,1.50
2012.12.06 16:14:21.801,1.20967,1.20983,1.73,1.50
2012.12.06 16:14:21.921,1.20967,1.20982,1.73,3.75
2012.12.06 16:14:22.281,1.20965,1.20978,1.65,1.50
2012.12.06 16:14:22.460,1.20965,1.2098,1.65,2.25
2012.12.06 16:14:22.762,1.20963,1.20976,1.99,2.63
2012.12.06 16:14:23.122,1.20963,1.20975,1.35,2.48
2012.12.06 16:14:23.482,1.20969,1.20975,2.02,1.50
2012.12.06 16:14:23.723,1.20969,1.20983,1.27,2.25
2012.12.06 16:14:24.343,1.20968,1.20981,3.65,1.50
2012.12.06 16:14:24.891,1.20969,1.20984,1.04,1.50
2012.12.06 16:14:25.012,1.20968,1.20981,2.48,1.50
2012.12.06 16:14:25.191,1.20968,1.20984,4.27,1.50
2012.12.06 16:14:25.432,1.20968,1.20984,3.98,3.47
2012.12.06 16:14:25.491,1.20968,1.20984,4.73,3.47
2012.12.06 16:14:25.851,1.20968,1.20981,3.23,1.50
2012.12.06 16:14:25.910,1.20969,1.20985,2.54,2.25
2012.12.06 16:14:26.352,1.20968,1.20982,4.40,1.50
2012.12.06 16:14:26.421,1.2097,1.20984,1.79,1.50
2012.12.06 16:14:27.224,1.2097,1.20984,2.17,1.50
2012.12.06 16:14:28.223,1.2097,1.20984,2.02,1.50
2012.12.06 16:14:32.293,1.2097,1.20984,2.24,1.50
2012.12.06 16:14:32.364,1.20972,1.20984,2.40,1.50
2012.12.06 16:14:32.431,1.20972,1.20986,2.40,1.65
2012.12.06 16:14:32.672,1.20973,1.20987,1.35,1.65
2012.12.06 16:14:32.792,1.20976,1.20989,1.13,1.50
2012.12.06 16:14:32.912,1.20977,1.20989,2.25,1.88
2012.12.06 16:14:33.293,1.20973,1.20986,1.50,1.13
2012.12.06 16:14:33.602,1.20969,1.20984,2.02,1.50
2012.12.06 16:14:33.723,1.20969,1.20984,2.02,1.88
2012.12.06 16:14:34.182,1.20969,1.20982,1.27,1.50
2012.12.06 16:14:34.241,1.20968,1.20982,2.48,1.50
2012.12.06 16:14:34.751,1.20966,1.20982,3.52,1.50
2012.12.06 16:14:34.932,1.20966,1.20982,3.52,1.50
2012.12.06 16:14:36.652,1.20969,1.20982,3.98,1.50
2012.12.06 16:14:37.191,1.2097,1.20983,1.27,1.50
2012.12.06 16:14:37.851,1.20971,1.20983,1.73,1.50
2012.12.06 16:14:38.252,1.20975,1.20983,1.13,1.50
2012.12.06 16:14:38.324,1.20975,1.20988,2.63,2.40
2012.12.06 16:14:38.512,1.20975,1.20989,1.73,3.15
2012.12.06 16:14:38.693,1.20974,1.20986,2.63,3.15
2012.12.06 16:14:39.861,1.20971,1.20984,1.50,1.88
2012.12.06 16:14:39.982,1.2097,1.20984,3.52,1.50
2012.12.06 16:14:41.851,1.2097,1.20983,2.77,1.13
2012.12.06 16:14:42.152,1.2097,1.2098,1.04,1.50
2012.12.06 16:14:42.510,1.20964,1.20977,1.27,1.50
2012.12.06 16:14:42.751,1.20963,1.20977,3.23,1.50
2012.12.06 16:14:43.593,1.20963,1.20977,2.25,1.50
2012.12.06 16:14:44.451,1.20963,1.20977,2.48,5.25
2012.12.06 16:14:44.871,1.20961,1.20976,1.04,2.25
2012.12.06 16:14:44.992,1.20959,1.20973,2.77,1.50
2012.12.06 16:14:45.302,1.20959,1.20965,1.50,2.25
2012.12.06 16:14:45.677,1.20956,1.20964,5.25,1.13
2012.12.06 16:14:46.002,1.20947,1.20956,3.75,5.40
2012.12.06 16:14:46.182,1.20947,1.20953,3.75,3.75
2012.12.06 16:14:46.245,1.20938,1.20952,4.73,1.50
2012.12.06 16:14:46.313,1.20938,1.2095,4.88,1.50
2012.12.06 16:14:46.436,1.20938,1.20952,5.03,1.50
2012.12.06 16:14:46.981,1.20937,1.20954,2.10,2.63
2012.12.06 16:14:47.522,1.20938,1.20954,3.98,1.50
2012.12.06 16:14:48.171,1.20937,1.20954,1.35,1.50
2012.12.06 16:14:48.801,1.20934,1.20954,3.23,1.50
2012.12.06 16:14:49.350,1.20937,1.20955,2.48,1.88
2012.12.06 16:14:49.611,1.2094,1.20956,3.75,2.63
2012.12.06 16:14:49.731,1.20939,1.20956,1.50,5.40
2012.12.06 16:14:50.611,1.20938,1.20955,5.48,1.50
2012.12.06 16:14:51.302,1.20939,1.20957,1.73,2.85
2012.12.06 16:14:52.035,1.20939,1.20957,1.73,2.48
2012.12.06 16:14:53.252,1.20938,1.20953,2.63,4.13
2012.12.06 16:14:53.551,1.20938,1.20956,2.48,1.73
2012.12.06 16:14:53.611,1.20938,1.20954,1.73,1.13
2012.12.06 16:14:53.970,1.20936,1.20948,1.73,1.13
2012.12.06 16:14:54.601,1.20937,1.20951,1.88,1.50
2012.12.06 16:14:55.161,1.20936,1.20951,1.13,1.50
2012.12.06 16:14:55.862,1.20932,1.20943,4.27,2.40
2012.12.06 16:14:56.112,1.20926,1.20942,1.64,1.65
2012.12.06 16:14:56.174,1.20926,1.20942,1.42,1.88
2012.12.06 16:14:56.241,1.20926,1.20942,1.13,1.88
2012.12.06 16:14:56.601,1.20923,1.2094,1.50,1.73
2012.12.06 16:14:59.932,1.20924,1.20941,1.13,1.13
2012.12.06 16:15:00.351,1.20924,1.20941,1.13,1.13
2012.12.06 16:15:02.613,1.20924,1.20941,1.50,3.98
2012.12.06 16:15:03.642,1.20924,1.20941,1.50,4.50
2012.12.06 16:15:04.161,1.20923,1.20941,1.73,1.50
2012.12.06 16:15:04.795,1.20925,1.20941,1.50,1.50
2012.12.06 16:15:05.680,1.20923,1.20941,2.10,1.65
2012.12.06 16:15:08.969,1.20929,1.20943,1.13,1.35
2012.12.06 16:15:09.520,1.2093,1.20944,1.04,2.94
2012.12.06 16:15:09.802,1.2093,1.20945,1.04,1.50
2012.12.06 16:15:10.352,1.20931,1.20946,1.50,1.73
2012.12.06 16:15:10.992,1.2093,1.20946,1.04,2.48
2012.12.06 16:15:12.331,1.2093,1.20946,1.04,2.10
2012.12.06 16:15:14.993,1.20931,1.20946,1.50,2.10
2012.12.06 16:15:15.501,1.20931,1.20946,1.50,2.10
2012.12.06 16:15:15.991,1.20931,1.20947,2.69,1.88
2012.12.06 16:15:16.508,1.20933,1.20948,1.50,1.13
2012.12.06 16:15:16.764,1.20934,1.20949,1.13,1.50
2012.12.06 16:15:16.833,1.20937,1.20952,1.19,5.48
2012.12.06 16:15:17.145,1.20939,1.20952,1.50,1.50
2012.12.06 16:15:17.514,1.20936,1.20954,1.42,2.48
2012.12.06 16:15:18.002,1.20935,1.20954,1.64,3.38
2012.12.06 16:15:18.511,1.20937,1.20954,1.50,3.38
2012.12.06 16:15:19.726,1.20939,1.20955,1.79,1.50
2012.12.06 16:15:20.447,1.2094,1.20956,1.50,2.72
2012.12.06 16:15:20.872,1.20942,1.20956,1.13,2.12
2012.12.06 16:15:21.055,1.20945,1.20958,1.13,1.88
2012.12.06 16:15:21.301,1.20943,1.20956,2.25,1.65
2012.12.06 16:15:21.361,1.20941,1.20956,3.23,1.65
2012.12.06 16:15:21.421,1.20941,1.20956,3.23,1.65
2012.12.06 16:15:21.961,1.20942,1.20956,1.50,1.65
2012.12.06 16:15:22.332,1.2094,1.20957,1.13,3.09
2012.12.06 16:15:22.392,1.20939,1.20954,1.88,1.50
2012.12.06 16:15:22.712,1.20939,1.20953,1.50,4.35
2012.12.06 16:15:22.832,1.20937,1.20952,1.50,1.65
2012.12.06 16:15:23.371,1.20937,1.20954,3.15,3.90
2012.12.06 16:15:23.551,1.20937,1.20952,3.15,1.97
2012.12.06 16:15:23.611,1.20937,1.20954,3.44,2.40
2012.12.06 16:15:24.132,1.20937,1.20954,3.44,3.15
2012.12.06 16:15:24.671,1.20937,1.20952,2.39,2.33
2012.12.06 16:15:25.745,1.20937,1.20952,2.39,2.33
2012.12.06 16:15:26.251,1.20938,1.20952,1.19,2.33
2012.12.06 16:15:26.502,1.20941,1.2095,1.50,1.13
2012.12.06 16:15:26.861,1.2094,1.20952,1.50,1.73
2012.12.06 16:15:27.711,1.2094,1.20952,1.50,1.50
2012.12.06 16:15:32.472,1.2094,1.20952,1.50,2.25
2012.12.06 16:15:32.834,1.20934,1.20944,2.02,1.13
2012.12.06 16:15:32.904,1.20933,1.20941,2.48,4.13
2012.12.06 16:15:33.401,1.20929,1.20943,1.73,4.13
2012.12.06 16:15:33.582,1.20926,1.20941,2.77,2.25
2012.12.06 16:15:33.773,1.20926,1.20941,2.25,1.73
2012.12.06 16:15:33.962,1.20926,1.20941,1.50,2.48
2012.12.06 16:15:34.499,1.20924,1.20941,1.50,3.23
2012.12.06 16:15:35.792,1.20924,1.2094,1.50,3.69
2012.12.06 16:15:37.052,1.20924,1.2094,1.50,3.69
2012.12.06 16:15:37.363,1.20921,1.20937,1.58,2.48
2012.12.06 16:15:37.722,1.20919,1.20934,1.50,2.25
2012.12.06 16:15:37.782,1.20917,1.20934,2.48,2.25
2012.12.06 16:15:37.841,1.20917,1.20934,1.73,2.48
2012.12.06 16:15:38.351,1.20913,1.20932,2.63,1.13
2012.12.06 16:15:40.570,1.20913,1.20934,3.38,1.35
2012.12.06 16:15:41.274,1.20913,1.20933,3.38,1.13
2012.12.06 16:15:47.802,1.20914,1.20931,1.27,2.25
2012.12.06 16:15:47.921,1.20916,1.20932,1.04,1.35
2012.12.06 16:15:56.093,1.20915,1.20933,1.27,1.13
2012.12.06 16:15:56.281,1.20915,1.20932,1.27,1.50
2012.12.06 16:15:56.652,1.20915,1.20934,1.64,2.25
2012.12.06 16:15:57.431,1.20916,1.20934,1.64,1.50
2012.12.06 16:16:01.481,1.20916,1.20934,2.39,1.50
2012.12.06 16:16:02.066,1.20916,1.20934,1.64,1.50
2012.12.06 16:16:03.252,1.20918,1.20935,4.27,2.48
2012.12.06 16:16:03.792,1.20919,1.20936,1.50,5.25
2012.12.06 16:16:04.211,1.20917,1.20933,1.27,1.50
2012.12.06 16:16:04.938,1.20918,1.20936,2.17,1.73
2012.12.06 16:16:05.490,1.20918,1.20936,2.92,1.73
2012.12.06 16:16:08.860,1.20919,1.20936,2.48,1.73
2012.12.06 16:16:09.400,1.20926,1.20937,1.13,2.12
2012.12.06 16:16:10.077,1.20926,1.20939,1.13,1.88
2012.12.06 16:16:11.781,1.20926,1.20939,1.13,1.50
2012.12.06 16:16:12.436,1.20927,1.20941,1.13,1.80
2012.12.06 16:16:13.711,1.20926,1.20941,1.64,1.80
2012.12.06 16:16:18.032,1.20926,1.20941,1.64,1.43
2012.12.06 16:16:18.513,1.20926,1.2094,1.42,2.25
2012.12.06 16:16:19.071,1.20926,1.2094,2.17,2.25
2012.12.06 16:16:19.311,1.20926,1.2094,1.94,1.50
2012.12.06 16:16:20.094,1.20926,1.2094,2.17,2.25
2012.12.06 16:16:20.692,1.20924,1.20936,3.14,3.75
2012.12.06 16:16:20.877,1.20923,1.20936,6.75,3.90
2012.12.06 16:16:21.303,1.20923,1.20934,3.75,3.75
2012.12.06 16:16:21.612,1.20922,1.20935,2.25,1.35
2012.12.06 16:16:21.670,1.20922,1.20936,2.25,2.25
2012.12.06 16:16:22.180,1.20919,1.20936,5.54,2.25
2012.12.06 16:16:22.269,1.20918,1.20936,3.52,2.78
2012.12.06 16:16:23.292,1.20918,1.20935,2.54,1.88
2012.12.06 16:16:23.839,1.20918,1.20935,2.54,2.25
2012.12.06 16:16:26.713,1.20918,1.20933,2.54,1.88
2012.12.06 16:16:27.511,1.20918,1.20931,1.50,3.00
2012.12.06 16:16:29.421,1.20918,1.20929,1.50,3.75
2012.12.06 16:16:29.981,1.20918,1.20928,1.50,1.13
2012.12.06 16:16:30.463,1.20915,1.20928,1.50,1.13
2012.12.06 16:16:31.771,1.20915,1.20929,2.25,1.50
2012.12.06 16:16:32.012,1.20916,1.20931,1.79,1.88
2012.12.06 16:16:33.172,1.20916,1.20932,2.02,2.25
2012.12.06 16:16:38.072,1.20916,1.20932,1.79,4.13
2012.12.06 16:16:38.582,1.20915,1.2093,2.25,1.73
2012.12.06 16:16:39.121,1.20914,1.2093,2.48,2.25
2012.12.06 16:16:39.669,1.20918,1.20931,1.50,1.50
2012.12.06 16:16:40.181,1.20918,1.20932,1.50,2.25
2012.12.06 16:16:44.772,1.20918,1.2093,1.50,3.90
2012.12.06 16:16:45.804,1.20915,1.20929,1.73,2.25
2012.12.06 16:16:46.359,1.20915,1.20929,1.50,2.25
2012.12.06 16:16:51.601,1.20916,1.20931,1.50,3.15
2012.12.06 16:16:51.721,1.20916,1.20931,1.50,2.40
2012.12.06 16:16:52.243,1.20916,1.20931,2.02,1.43
2012.12.06 16:16:52.751,1.20916,1.20931,2.02,4.80
2012.12.06 16:16:53.271,1.20916,1.20931,2.02,1.05
2012.12.06 16:16:54.848,1.20916,1.2093,2.02,3.75
2012.12.06 16:16:55.155,1.20915,1.20928,1.50,1.88
2012.12.06 16:16:55.224,1.20912,1.20926,5.10,1.65
2012.12.06 16:16:55.646,1.20912,1.20926,4.20,2.63
2012.12.06 16:16:55.713,1.20912,1.20926,4.95,2.25
2012.12.06 16:17:03.625,1.20913,1.20928,1.73,3.00
2012.12.06 16:17:04.185,1.20913,1.20929,6.23,3.00
2012.12.06 16:17:07.841,1.20914,1.20929,1.79,2.25
2012.12.06 16:17:09.983,1.20914,1.2093,1.79,6.15
2012.12.06 16:17:10.178,1.20914,1.2093,2.02,5.40
2012.12.06 16:17:10.721,1.20915,1.2093,1.27,1.50
2012.12.06 16:17:20.161,1.20917,1.20931,1.50,1.50
2012.12.06 16:17:26.186,1.20917,1.20931,1.50,5.63
2012.12.06 16:17:26.763,1.20917,1.20931,1.50,1.50
2012.12.06 16:17:29.832,1.20917,1.2093,1.50,3.75
2012.12.06 16:17:29.891,1.20917,1.20931,1.50,1.88
2012.12.06 16:17:36.162,1.20917,1.20931,1.50,1.88
2012.12.06 16:17:36.702,1.20917,1.20931,1.50,1.50
2012.12.06 16:17:40.372,1.20918,1.20931,3.75,1.50
2012.12.06 16:17:41.231,1.20917,1.20931,5.48,1.50
2012.12.06 16:17:41.532,1.20923,1.20934,2.02,1.50
2012.12.06 16:17:41.833,1.20925,1.20939,2.77,2.25
2012.12.06 16:17:41.892,1.20927,1.20942,1.50,2.25
2012.12.06 16:17:42.612,1.20927,1.20941,3.15,1.20
2012.12.06 16:17:42.974,1.20926,1.20938,3.75,1.50
2012.12.06 16:17:43.041,1.20925,1.20938,1.27,1.50
2012.12.06 16:17:43.101,1.20925,1.20941,2.77,1.88
2012.12.06 16:17:43.221,1.20927,1.20941,4.50,1.88
2012.12.06 16:17:43.881,1.20928,1.20944,3.29,3.60
2012.12.06 16:17:44.501,1.20929,1.20944,2.17,2.10
2012.12.06 16:17:44.621,1.2093,1.20945,2.63,2.63
2012.12.06 16:17:44.921,1.2093,1.20942,1.73,1.50
2012.12.06 16:17:44.981,1.20928,1.2094,1.04,1.50
2012.12.06 16:17:45.170,1.20928,1.20942,2.54,1.50
2012.12.06 16:17:45.351,1.2093,1.20941,1.50,1.97
2012.12.06 16:17:45.531,1.2093,1.20944,1.50,3.15
2012.12.06 16:17:46.082,1.2093,1.20944,1.79,1.88
2012.12.06 16:17:46.263,1.20928,1.20936,2.54,1.50
2012.12.06 16:17:46.571,1.20923,1.20939,5.47,3.00
2012.12.06 16:17:46.637,1.20923,1.20939,5.47,2.78
2012.12.06 16:17:46.701,1.20923,1.20939,4.72,2.78
2012.12.06 16:17:47.283,1.20924,1.20939,1.73,2.78
2012.12.06 16:17:48.079,1.20925,1.20941,2.54,1.50
2012.12.06 16:17:49.202,1.20925,1.20939,1.04,1.50
2012.12.06 16:17:49.323,1.20924,1.20939,3.00,1.50
2012.12.06 16:17:50.242,1.20923,1.20939,3.52,2.63
2012.12.06 16:17:50.542,1.20925,1.20941,2.17,1.50
2012.12.06 16:17:50.604,1.20925,1.20941,2.17,2.63
2012.12.06 16:17:50.732,1.20923,1.20939,5.02,2.40
2012.12.06 16:17:51.274,1.20924,1.20939,2.02,1.50
2012.12.06 16:17:59.824,1.20924,1.20936,1.27,1.50
2012.12.06 16:17:59.952,1.20924,1.20939,2.02,1.50
2012.12.06 16:18:02.887,1.20924,1.20939,2.02,2.25
2012.12.06 16:18:03.015,1.20924,1.20939,2.48,2.25
2012.12.06 16:18:03.321,1.20923,1.20938,2.02,1.50
2012.12.06 16:18:03.871,1.20924,1.20939,2.02,1.50
2012.12.06 16:18:09.543,1.20924,1.20939,2.54,1.50
2012.12.06 16:18:09.602,1.20924,1.20937,1.04,1.50
2012.12.06 16:18:10.158,1.20923,1.20939,2.02,2.25
2012.12.06 16:18:10.235,1.20923,1.2094,1.27,3.00
2012.12.06 16:18:10.363,1.20923,1.2094,1.27,2.25
2012.12.06 16:18:16.343,1.20923,1.2094,1.27,1.50
2012.12.06 16:18:16.845,1.20924,1.2094,1.04,1.73
2012.12.06 16:18:17.520,1.20924,1.2094,3.14,1.50
2012.12.06 16:18:33.313,1.20926,1.2094,2.17,1.50
2012.12.06 16:18:33.903,1.20929,1.20944,1.04,1.73
2012.12.06 16:18:34.022,1.20929,1.20944,1.04,2.48
2012.12.06 16:18:34.691,1.20929,1.20941,1.04,1.50
2012.12.06 16:18:35.002,1.20932,1.20944,1.19,1.65
2012.12.06 16:18:35.361,1.20929,1.20941,1.04,1.50
2012.12.06 16:18:54.613,1.20927,1.20941,2.48,2.25
2012.12.06 16:18:55.112,1.20926,1.20938,1.27,1.50
2012.12.06 16:18:55.172,1.20925,1.20938,1.73,1.50
2012.12.06 16:18:55.293,1.20925,1.2094,1.79,1.50
2012.12.06 16:18:57.784,1.20927,1.2094,1.04,2.25
2012.12.06 16:18:58.324,1.20929,1.2094,1.04,1.50
2012.12.06 16:18:58.392,1.20929,1.20943,1.04,2.25
2012.12.06 16:18:59.523,1.20929,1.20943,1.04,2.63
2012.12.06 16:19:00.632,1.20928,1.20943,1.04,2.40
2012.12.06 16:19:00.694,1.20928,1.20942,1.04,3.75
2012.12.06 16:19:01.006,1.20925,1.20934,1.79,1.50
2012.12.06 16:19:01.074,1.20925,1.20934,1.50,1.50
2012.12.06 16:19:01.143,1.20921,1.20934,1.50,1.50
2012.12.06 16:19:01.682,1.20921,1.20935,3.00,1.50
2012.12.06 16:19:01.823,1.20921,1.20935,3.38,1.50
2012.12.06 16:19:02.017,1.20921,1.20935,2.25,1.50
2012.12.06 16:19:04.181,1.20919,1.20933,2.25,1.50
2012.12.06 16:19:04.822,1.20918,1.20931,1.04,1.50
2012.12.06 16:19:05.677,1.20917,1.20931,1.94,1.88
2012.12.06 16:19:06.158,1.20917,1.20931,1.04,1.88
2012.12.06 16:19:06.463,1.20915,1.20925,1.50,2.25
2012.12.06 16:19:07.431,1.20913,1.20925,1.50,2.63
2012.12.06 16:19:07.612,1.2091,1.20925,1.50,2.63
2012.12.06 16:19:08.161,1.20909,1.20925,1.50,2.63
2012.12.06 16:19:12.667,1.20909,1.20925,1.50,1.50
2012.12.06 16:19:13.622,1.20909,1.20925,1.79,1.50
2012.12.06 16:19:15.029,1.20909,1.20925,1.79,1.50
2012.12.06 16:19:26.181,1.20909,1.20924,1.04,1.50
2012.12.06 16:19:26.768,1.20909,1.20924,1.27,2.25
2012.12.06 16:19:31.252,1.20909,1.20924,1.79,1.50
2012.12.06 16:19:32.243,1.20909,1.20924,1.04,1.50
2012.12.06 16:19:41.571,1.20909,1.20924,1.27,1.65
2012.12.06 16:19:42.093,1.20909,1.20924,1.04,1.50
2012.12.06 16:19:42.602,1.2091,1.20924,1.50,1.50
2012.12.06 16:19:42.983,1.2091,1.20923,1.50,1.13
2012.12.06 16:19:43.567,1.20908,1.20923,1.79,3.60
2012.12.06 16:19:43.752,1.20908,1.20923,2.54,2.48
2012.12.06 16:19:43.991,1.20908,1.20922,2.02,1.13
2012.12.06 16:19:46.212,1.20908,1.20923,2.02,2.25
2012.12.06 16:19:46.622,1.20915,1.20924,1.13,1.13
2012.12.06 16:19:46.742,1.20912,1.20923,3.98,2.25
2012.12.06 16:19:46.874,1.20909,1.20923,2.02,2.25
2012.12.06 16:19:51.149,1.20909,1.20923,2.77,1.50
2012.12.06 16:19:54.932,1.20913,1.20926,3.00,3.68
2012.12.06 16:19:55.113,1.20913,1.20926,2.54,2.18
2012.12.06 16:19:55.292,1.20912,1.20925,2.25,1.88
2012.12.06 16:19:55.432,1.20909,1.20925,2.02,1.88
2012.12.06 16:19:59.871,1.20909,1.20922,1.73,1.13
2012.12.06 16:20:00.412,1.20909,1.20923,2.54,1.88
2012.12.06 16:20:01.503,1.20909,1.20923,2.54,1.50
2012.12.06 16:20:04.063,1.20909,1.20923,2.92,1.50
2012.12.06 16:20:04.582,1.20909,1.20923,2.92,1.50
2012.12.06 16:20:18.043,1.20909,1.20923,3.29,1.50
2012.12.06 16:20:20.389,1.20909,1.20923,3.52,1.50
2012.12.06 16:20:21.236,1.2091,1.20923,2.17,1.50
2012.12.06 16:20:21.302,1.20916,1.20927,1.13,1.58
2012.12.06 16:20:21.541,1.20912,1.20926,2.48,6.75
2012.12.06 16:20:22.411,1.20909,1.20925,3.29,3.00
2012.12.06 16:20:22.952,1.2091,1.20925,1.42,1.50
2012.12.06 16:20:23.501,1.2091,1.20925,1.04,1.50
2012.12.06 16:20:30.123,1.20916,1.20925,1.13,1.50
2012.12.06 16:20:30.662,1.20917,1.20926,1.65,3.00
2012.12.06 16:20:30.722,1.20917,1.20932,1.65,2.85
2012.12.06 16:20:32.565,1.20916,1.20931,3.14,1.13
2012.12.06 16:20:34.372,1.20915,1.20926,2.17,1.50
2012.12.06 16:20:34.492,1.20912,1.20926,2.77,1.50
2012.12.06 16:20:34.611,1.20912,1.20926,1.79,1.50
2012.12.06 16:20:38.151,1.20912,1.20926,1.79,1.88
2012.12.06 16:20:38.213,1.20912,1.20924,1.79,3.75
2012.12.06 16:20:38.273,1.20912,1.20926,1.79,1.88
2012.12.06 16:20:38.452,1.2091,1.20924,1.50,2.40
2012.12.06 16:20:39.092,1.2091,1.20924,1.50,2.40
2012.12.06 16:20:39.312,1.2091,1.20924,1.50,2.40
2012.12.06 16:20:40.904,1.2091,1.20924,1.50,2.63
2012.12.06 16:20:42.232,1.2091,1.20924,1.50,1.50
2012.12.06 16:20:43.323,1.2091,1.20924,5.25,1.50
2012.12.06 16:20:43.864,1.2091,1.20924,1.50,1.50
2012.12.06 16:20:57.909,1.2091,1.20924,2.25,1.88
2012.12.06 16:20:59.044,1.2091,1.20924,2.48,1.88
2012.12.06 16:20:59.592,1.2091,1.20924,2.25,1.50
2012.12.06 16:21:00.131,1.2091,1.20924,6.23,1.50
2012.12.06 16:21:00.372,1.2091,1.20924,2.63,1.50
2012.12.06 16:21:00.552,1.20912,1.20927,1.73,3.00
2012.12.06 16:21:01.211,1.20912,1.20928,1.73,1.88
2012.12.06 16:21:06.721,1.20912,1.20928,3.23,1.50
2012.12.06 16:21:11.732,1.20912,1.20928,2.48,1.50
2012.12.06 16:21:13.923,1.20912,1.20928,2.48,2.25
2012.12.06 16:21:14.162,1.20912,1.20928,2.48,1.88
2012.12.06 16:21:14.671,1.20912,1.20928,2.48,1.88
2012.12.06 16:21:17.414,1.20912,1.20928,2.48,1.50
2012.12.06 16:21:18.215,1.20912,1.20928,2.48,1.50
2012.12.06 16:21:20.521,1.20913,1.20929,2.25,3.23
2012.12.06 16:21:28.062,1.20913,1.20929,2.48,3.00
2012.12.06 16:21:31.842,1.20913,1.20929,2.25,3.00
2012.12.06 16:21:32.733,1.20913,1.20927,2.25,3.75
2012.12.06 16:21:32.853,1.20913,1.20929,1.50,3.00
2012.12.06 16:21:33.411,1.20913,1.20929,1.73,3.00
2012.12.06 16:21:34.055,1.20913,1.20929,1.50,3.23
2012.12.06 16:21:34.610,1.20913,1.20928,1.50,5.10
2012.12.06 16:21:35.162,1.20913,1.20929,1.50,3.00
2012.12.06 16:21:35.671,1.20913,1.20929,1.50,2.63
2012.12.06 16:21:35.912,1.20913,1.20928,1.50,1.13
2012.12.06 16:21:36.601,1.20913,1.20927,1.50,4.65
2012.12.06 16:21:36.963,1.20913,1.20929,1.50,4.35
2012.12.06 16:21:37.511,1.20913,1.20929,1.50,2.63
2012.12.06 16:21:38.141,1.20913,1.20929,1.50,3.38
2012.12.06 16:21:38.991,1.20913,1.20929,1.50,2.63
2012.12.06 16:21:43.213,1.20915,1.20929,3.75,2.63
2012.12.06 16:21:43.754,1.20916,1.2093,1.50,2.25
2012.12.06 16:21:55.302,1.20916,1.2093,2.25,2.25
2012.12.06 16:21:55.841,1.20918,1.20932,2.25,3.00
2012.12.06 16:21:56.794,1.20918,1.20931,2.25,1.13
2012.12.06 16:21:56.921,1.20918,1.20932,2.25,2.78
2012.12.06 16:22:02.381,1.20918,1.20932,2.63,2.40
2012.12.06 16:22:11.061,1.20919,1.20932,5.63,1.50
2012.12.06 16:22:11.121,1.20921,1.20935,1.50,3.75
2012.12.06 16:22:11.765,1.20921,1.20935,1.50,2.25
2012.12.06 16:22:12.702,1.20922,1.20935,3.75,2.25
2012.12.06 16:22:16.308,1.20922,1.20935,3.98,2.63
2012.12.06 16:22:16.432,1.20921,1.20934,1.50,1.13
2012.12.06 16:22:18.282,1.20921,1.20935,1.50,2.25
2012.12.06 16:22:27.148,1.20923,1.20935,3.75,2.25
2012.12.06 16:22:27.451,1.20929,1.20939,1.50,2.25
2012.12.06 16:22:27.751,1.20929,1.20939,1.50,1.50
2012.12.06 16:22:28.060,1.20929,1.20944,1.50,3.15
2012.12.06 16:22:30.293,1.20928,1.20942,1.04,1.35
2012.12.06 16:22:30.364,1.20928,1.20942,1.04,1.73
2012.12.06 16:22:31.081,1.20928,1.20943,1.04,2.63
2012.12.06 16:22:31.572,1.20928,1.20943,1.79,1.50
2012.12.06 16:22:32.110,1.20929,1.20945,3.29,2.63
2012.12.06 16:22:47.600,1.20929,1.20945,2.54,2.63
2012.12.06 16:22:47.781,1.20928,1.20942,3.00,2.63
2012.12.06 16:22:51.490,1.20935,1.20942,1.13,1.50
2012.12.06 16:22:51.731,1.20937,1.20947,1.50,4.13
2012.12.06 16:22:52.150,1.20937,1.20948,1.50,1.88
2012.12.06 16:23:12.039,1.20937,1.20949,1.65,1.50
2012.12.06 16:23:32.140,1.20937,1.2095,1.50,1.50
2012.12.06 16:23:37.981,1.20937,1.20951,1.65,1.65
2012.12.06 16:23:39.731,1.20936,1.20951,1.42,2.63
2012.12.06 16:23:40.091,1.20934,1.20947,2.48,2.40
2012.12.06 16:23:40.330,1.20933,1.20948,1.50,1.88
2012.12.06 16:23:43.632,1.20933,1.20948,1.50,1.88
2012.12.06 16:23:45.401,1.20932,1.20948,1.79,1.88
2012.12.06 16:23:46.029,1.20932,1.20947,1.79,1.62
2012.12.06 16:23:54.552,1.20932,1.20947,1.79,1.80
2012.12.06 16:23:55.091,1.20932,1.20947,1.79,1.80
2012.12.06 16:24:07.270,1.20933,1.20947,4.50,2.55
2012.12.06 16:24:07.390,1.20935,1.20947,1.13,1.80
2012.12.06 16:24:07.931,1.20935,1.20949,1.13,1.65
2012.12.06 16:24:10.440,1.20935,1.20949,1.13,1.28
2012.12.06 16:24:12.810,1.20935,1.20949,1.13,1.28
2012.12.06 16:24:13.933,1.20935,1.20949,1.13,1.28
2012.12.06 16:24:14.443,1.20935,1.20949,1.13,1.28
2012.12.06 16:24:15.084,1.20935,1.20949,1.13,1.28
2012.12.06 16:24:17.870,1.20935,1.20949,1.13,1.28
2012.12.06 16:24:20.300,1.20936,1.20949,1.13,1.28
2012.12.06 16:24:20.814,1.20936,1.20949,1.13,1.28
2012.12.06 16:24:22.699,1.20936,1.20949,1.13,1.28
2012.12.06 16:24:23.224,1.20936,1.20949,1.13,1.28
2012.12.06 16:24:26.843,1.20936,1.20949,1.13,1.28
2012.12.06 16:24:41.912,1.20935,1.20949,1.13,1.28
2012.12.06 16:24:42.478,1.20935,1.20949,1.13,1.28
2012.12.06 16:24:44.019,1.20935,1.20949,1.13,1.28
2012.12.06 16:24:44.728,1.20935,1.20949,1.13,1.28
2012.12.06 16:24:45.330,1.20935,1.20949,1.13,1.28
2012.12.06 16:24:45.936,1.20935,1.20949,1.13,1.28
2012.12.06 16:24:46.623,1.20935,1.20949,1.13,1.28
2012.12.06 16:24:47.192,1.20935,1.20949,1.13,1.28
2012.12.06 16:24:50.570,1.20935,1.20948,1.13,1.05
2012.12.06 16:24:51.148,1.20935,1.20948,1.88,1.05
2012.12.06 16:24:53.971,1.20935,1.20949,1.88,1.28
2012.12.06 16:24:56.880,1.20936,1.20949,1.13,1.13
2012.12.06 16:25:00.450,1.20936,1.2095,1.13,1.50
2012.12.06 16:25:00.570,1.20941,1.20951,1.13,1.13
2012.12.06 16:25:00.752,1.20941,1.20954,2.17,2.25
2012.12.06 16:25:01.231,1.20944,1.20959,1.27,1.50
2012.12.06 16:25:01.291,1.20944,1.20961,1.27,6.75
2012.12.06 16:25:20.441,1.20945,1.2096,1.73,1.13
2012.12.06 16:25:20.641,1.20945,1.20956,1.35,2.72
2012.12.06 16:25:20.774,1.20947,1.20958,2.02,3.00
2012.12.06 16:25:20.900,1.20947,1.20963,2.77,3.00
2012.12.06 16:25:21.413,1.20947,1.20962,2.02,1.65
2012.12.06 16:25:21.471,1.20947,1.20961,2.02,1.13
2012.12.06 16:25:21.723,1.20947,1.20961,1.42,1.88
2012.12.06 16:25:21.912,1.20946,1.2096,1.73,4.88
2012.12.06 16:25:22.451,1.20946,1.2096,1.50,4.88
2012.12.06 16:25:22.573,1.20944,1.2096,1.27,4.88
2012.12.06 16:25:22.776,1.20944,1.2096,2.02,1.88
2012.12.06 16:25:23.330,1.20944,1.2096,1.64,1.50
2012.12.06 16:25:30.963,1.20943,1.2096,2.02,5.25
2012.12.06 16:25:31.297,1.20943,1.20959,3.52,1.13
2012.12.06 16:25:31.422,1.20943,1.2096,3.52,4.50
2012.12.06 16:25:31.973,1.20944,1.20961,2.02,3.62
2012.12.06 16:25:32.733,1.20944,1.20961,2.02,3.62
2012.12.06 16:25:33.261,1.20944,1.20961,2.02,3.62
2012.12.06 16:25:33.822,1.20944,1.20961,2.02,3.62
2012.12.06 16:25:34.592,1.20944,1.20961,2.02,3.84
2012.12.06 16:25:36.261,1.20943,1.2096,2.02,2.40
2012.12.06 16:25:39.421,1.20944,1.2096,1.27,1.50
2012.12.06 16:25:39.951,1.20944,1.2096,1.27,2.25
2012.12.06 16:25:40.621,1.20943,1.2096,2.02,3.00
2012.12.06 16:25:42.872,1.20943,1.2096,2.02,1.88
2012.12.06 16:25:44.121,1.20943,1.2096,2.02,1.88
2012.12.06 16:25:44.770,1.20944,1.2096,1.27,2.03
2012.12.06 16:25:45.070,1.20944,1.2096,1.27,2.03
2012.12.06 16:25:45.751,1.20944,1.2096,1.27,2.40
2012.12.06 16:25:46.991,1.20943,1.2096,2.77,5.40
2012.12.06 16:25:47.562,1.20943,1.2096,2.77,5.40
2012.12.06 16:25:48.111,1.20943,1.20959,2.77,1.50
2012.12.06 16:25:48.651,1.20943,1.2096,2.02,5.40
2012.12.06 16:25:49.071,1.20943,1.20959,2.77,3.00
2012.12.06 16:25:51.491,1.20943,1.20957,2.77,1.50
2012.12.06 16:25:59.012,1.20943,1.20958,2.77,1.50
2012.12.06 16:26:01.356,1.20943,1.20956,2.77,1.13
2012.12.06 16:26:01.542,1.20943,1.20956,1.73,1.13
2012.12.06 16:26:07.464,1.20942,1.20957,2.92,2.25
2012.12.06 16:26:09.073,1.20942,1.20957,2.02,3.75
2012.12.06 16:26:09.273,1.20942,1.20957,1.42,3.75
2012.12.06 16:26:09.581,1.20942,1.20957,1.42,3.00
2012.12.06 16:26:10.765,1.20942,1.20957,2.02,4.13
2012.12.06 16:26:11.365,1.20942,1.20957,2.02,2.63
2012.12.06 16:26:13.376,1.20942,1.20956,1.27,1.13
2012.12.06 16:26:13.452,1.20942,1.20957,1.42,6.38
2012.12.06 16:26:13.522,1.20942,1.20957,1.94,2.63
2012.12.06 16:26:14.062,1.20942,1.20957,1.19,4.13
2012.12.06 16:26:14.122,1.20942,1.20957,1.42,4.13
2012.12.06 16:26:14.681,1.20942,1.20957,1.42,4.13
2012.12.06 16:26:15.222,1.20942,1.20957,2.17,4.41
2012.12.06 16:26:15.761,1.20942,1.20957,2.02,4.13
2012.12.06 16:26:18.141,1.20942,1.20956,1.27,1.13
2012.12.06 16:26:18.672,1.20939,1.20951,1.27,1.13
2012.12.06 16:26:19.563,1.20937,1.20952,2.17,1.13
2012.12.06 16:26:22.923,1.20938,1.20953,1.04,2.25
2012.12.06 16:26:23.045,1.20937,1.20952,2.39,1.13
2012.12.06 16:26:23.351,1.20937,1.2095,2.69,1.13
2012.12.06 16:26:23.531,1.20937,1.20951,2.92,1.13
2012.12.06 16:26:23.591,1.20937,1.20952,2.92,1.13
2012.12.06 16:26:23.712,1.20937,1.20952,2.92,1.13
2012.12.06 16:26:24.271,1.20937,1.20952,2.92,1.13
2012.12.06 16:26:25.770,1.20937,1.20953,2.77,3.75
2012.12.06 16:26:26.281,1.20939,1.20955,1.04,4.35
2012.12.06 16:26:28.923,1.20938,1.20953,1.27,3.90
2012.12.06 16:26:28.982,1.20938,1.20952,1.27,1.50
2012.12.06 16:26:29.431,1.20938,1.20954,1.79,2.63
2012.12.06 16:26:33.193,1.20938,1.20954,2.02,1.88
2012.12.06 16:26:33.730,1.20939,1.20954,1.27,1.13
2012.12.06 16:26:34.346,1.20939,1.20954,1.27,1.50
2012.12.06 16:26:36.021,1.20939,1.20955,2.02,2.25
2012.12.06 16:26:37.184,1.20939,1.20955,2.02,3.00
2012.12.06 16:26:40.470,1.20939,1.20955,2.02,3.38
2012.12.06 16:26:42.402,1.20939,1.20955,1.04,4.73
2012.12.06 16:26:42.976,1.20939,1.20955,1.04,3.60
2012.12.06 16:26:43.853,1.20939,1.20955,1.04,1.73
2012.12.06 16:26:51.458,1.20939,1.20956,1.04,3.69
2012.12.06 16:26:52.212,1.20939,1.20956,2.02,2.19
2012.12.06 16:26:58.213,1.2094,1.20956,3.75,2.57
2012.12.06 16:26:58.523,1.20943,1.20959,1.79,1.35
2012.12.06 16:26:58.951,1.20944,1.20961,1.50,1.73
2012.12.06 16:26:59.012,1.20944,1.20961,1.50,1.50
2012.12.06 16:27:00.704,1.20948,1.20962,1.65,3.38
2012.12.06 16:27:02.506,1.20948,1.20963,1.65,1.35
2012.12.06 16:27:03.592,1.20948,1.20961,1.65,3.75
2012.12.06 16:27:04.142,1.20946,1.2096,1.13,1.50
2012.12.06 16:27:05.091,1.20945,1.2096,2.25,1.50
2012.12.06 16:27:09.034,1.20945,1.20959,2.25,3.75
2012.12.06 16:27:09.221,1.20944,1.20961,1.04,5.12
2012.12.06 16:27:09.463,1.20943,1.2096,2.77,1.50
2012.12.06 16:27:10.492,1.20943,1.20959,1.79,1.13
2012.12.06 16:27:13.320,1.20944,1.20961,1.79,3.69
2012.12.06 16:27:36.132,1.20944,1.20957,1.27,3.75
2012.12.06 16:27:36.491,1.20938,1.20953,2.63,1.88
2012.12.06 16:27:38.414,1.20939,1.20953,1.26,1.88
2012.12.06 16:27:43.021,1.20937,1.20952,1.79,1.13
2012.12.06 16:27:47.511,1.20937,1.20953,2.69,3.00
2012.12.06 16:27:47.752,1.20934,1.2095,3.98,1.97
2012.12.06 16:27:47.812,1.20933,1.20949,2.48,1.50
2012.12.06 16:27:47.932,1.20932,1.20949,1.73,3.75
2012.12.06 16:27:48.111,1.20928,1.20944,1.94,5.10
2012.12.06 16:27:48.663,1.20928,1.20944,3.29,1.13
2012.12.06 16:27:51.522,1.20928,1.20944,1.79,2.63
2012.12.06 16:27:51.655,1.20927,1.20942,2.40,2.63
2012.12.06 16:27:51.721,1.20927,1.20942,1.50,3.60
2012.12.06 16:27:51.840,1.20923,1.20939,2.25,1.13
2012.12.06 16:27:52.141,1.20923,1.20939,2.25,2.63
2012.12.06 16:27:53.431,1.20926,1.20939,3.38,2.48
2012.12.06 16:27:53.672,1.20926,1.20939,2.25,1.13
2012.12.06 16:27:53.852,1.20926,1.20941,2.25,1.65
2012.12.06 16:27:54.471,1.20923,1.20941,4.73,2.03
2012.12.06 16:27:55.865,1.20923,1.20937,1.27,3.75
2012.12.06 16:27:56.171,1.20919,1.20933,1.73,1.13
2012.12.06 16:27:56.292,1.20918,1.20933,1.88,1.35
2012.12.06 16:28:05.751,1.20918,1.20934,1.88,4.82
2012.12.06 16:28:09.411,1.20917,1.20929,2.37,1.13
2012.12.06 16:28:09.471,1.20917,1.20932,2.66,2.63
2012.12.06 16:28:15.321,1.20918,1.20929,1.13,1.13
2012.12.06 16:28:15.441,1.20918,1.20931,2.37,2.40
2012.12.06 16:28:21.762,1.20917,1.2093,1.54,1.13
2012.12.06 16:28:21.826,1.20918,1.20931,1.88,1.88
2012.12.06 16:28:21.953,1.20921,1.20933,1.13,1.13
2012.12.06 16:28:22.603,1.2092,1.20933,1.50,1.35
2012.12.06 16:28:24.233,1.2092,1.20933,2.25,1.88
2012.12.06 16:28:27.231,1.20918,1.20933,2.63,2.10
2012.12.06 16:28:29.232,1.20919,1.20933,1.65,1.88
2012.12.06 16:28:30.402,1.20919,1.20933,1.50,1.35
2012.12.06 16:28:31.551,1.20918,1.20933,1.50,2.85
2012.12.06 16:28:33.402,1.20919,1.20933,1.50,2.10
2012.12.06 16:28:34.080,1.20921,1.20933,1.13,2.10
2012.12.06 16:28:45.263,1.2092,1.20933,1.04,2.63
2012.12.06 16:28:45.782,1.20919,1.20933,1.13,3.60
2012.12.06 16:28:58.841,1.20918,1.20932,2.25,1.35
2012.12.06 16:28:59.357,1.2092,1.20933,1.13,1.13
2012.12.06 16:29:01.691,1.20917,1.20932,5.03,1.35
2012.12.06 16:29:02.349,1.20917,1.20932,4.28,1.35
2012.12.06 16:29:03.061,1.20917,1.20926,2.63,1.13
2012.12.06 16:29:03.611,1.20913,1.20923,1.13,1.13
2012.12.06 16:29:03.852,1.20912,1.20923,2.82,1.13
2012.12.06 16:29:04.151,1.20912,1.20923,1.13,1.35
2012.12.06 16:29:04.691,1.20911,1.20923,2.07,1.35
2012.12.06 16:29:06.735,1.2091,1.20923,2.63,1.88
2012.12.06 16:29:06.862,1.2091,1.20923,1.50,2.10
2012.12.06 16:29:13.002,1.20908,1.20923,3.00,2.10
2012.12.06 16:29:17.062,1.20909,1.20923,1.13,1.35
2012.12.06 16:29:17.747,1.20908,1.20923,3.79,1.35
2012.12.06 16:29:18.875,1.20908,1.20923,3.00,1.35
2012.12.06 16:29:20.822,1.20908,1.20923,2.63,2.10
2012.12.06 16:29:36.392,1.20907,1.20923,4.50,4.35
2012.12.06 16:29:55.221,1.20907,1.20923,3.38,3.60
2012.12.06 16:29:58.340,1.20908,1.20923,1.04,2.85
2012.12.06 16:30:22.511,1.20908,1.20923,1.04,3.60
2012.12.06 16:30:23.022,1.20907,1.20922,5.85,1.13
2012.12.06 16:30:26.351,1.20908,1.20922,1.04,1.13
2012.12.06 16:30:27.030,1.20908,1.20922,2.62,1.13
2012.12.06 16:30:29.581,1.20908,1.20922,1.79,1.13
2012.12.06 16:30:33.751,1.20908,1.20921,2.75,1.50
2012.12.06 16:30:47.901,1.20908,1.20921,1.64,1.88
2012.12.06 16:30:48.450,1.20909,1.20922,1.50,1.35
2012.12.06 16:30:51.150,1.20909,1.20922,1.50,2.48
2012.12.06 16:30:51.661,1.20906,1.20922,3.97,3.60
2012.12.06 16:30:52.021,1.20905,1.20917,1.19,1.13
2012.12.06 16:30:52.082,1.20904,1.20917,1.94,1.13
2012.12.06 16:30:52.614,1.20901,1.20917,1.26,1.73
2012.12.06 16:30:55.574,1.20901,1.20919,1.04,3.38
2012.12.06 16:30:57.431,1.20901,1.20918,1.27,1.35
2012.12.06 16:31:08.902,1.20901,1.20917,1.42,3.75
2012.12.06 16:31:09.414,1.20903,1.20919,1.79,1.50
2012.12.06 16:31:09.731,1.20901,1.20916,2.39,1.50
2012.12.06 16:31:09.852,1.20901,1.20919,3.89,4.50
2012.12.06 16:31:10.092,1.20901,1.20914,2.92,1.13
2012.12.06 16:31:10.213,1.20901,1.20914,1.13,1.88
2012.12.06 16:31:10.512,1.20899,1.20914,1.64,2.10
2012.12.06 16:31:11.112,1.20901,1.20915,2.25,2.10
2012.12.06 16:31:11.172,1.20902,1.20915,2.25,1.73
2012.12.06 16:31:11.232,1.20902,1.20915,3.23,1.50
2012.12.06 16:31:11.853,1.20903,1.2092,2.02,1.50
2012.12.06 16:31:12.380,1.20903,1.2092,2.02,1.13
2012.12.06 16:31:15.222,1.20904,1.2092,1.04,1.13
2012.12.06 16:31:18.143,1.20904,1.20921,1.04,3.09
2012.12.06 16:31:18.402,1.20905,1.20921,1.04,2.25
2012.12.06 16:31:18.933,1.20905,1.20921,2.25,4.22
2012.12.06 16:31:19.111,1.20905,1.20921,2.25,4.44
2012.12.06 16:31:19.651,1.20904,1.20918,1.50,3.23
2012.12.06 16:31:21.034,1.20904,1.20918,2.48,3.00
2012.12.06 16:31:26.692,1.20904,1.20918,2.77,1.50
2012.12.06 16:31:27.231,1.20905,1.20919,2.25,2.10
2012.12.06 16:31:31.515,1.20905,1.20919,2.25,1.88
2012.12.06 16:31:35.676,1.20905,1.20919,3.00,1.50
2012.12.06 16:31:35.803,1.20908,1.20922,1.50,1.73
2012.12.06 16:31:36.412,1.20908,1.20922,1.50,2.94
2012.12.06 16:31:37.073,1.20907,1.20921,1.50,2.25
2012.12.06 16:31:41.443,1.20907,1.20921,1.50,3.00
2012.12.06 16:31:43.443,1.20907,1.20921,1.50,3.23
2012.12.06 16:31:43.986,1.20907,1.20919,1.50,4.13
2012.12.06 16:31:44.115,1.20903,1.20917,2.17,1.50
2012.12.06 16:31:44.363,1.20903,1.20917,2.76,3.60
2012.12.06 16:31:45.282,1.20901,1.20915,2.76,1.35
2012.12.06 16:31:46.001,1.209,1.20915,1.72,1.35
2012.12.06 16:31:48.786,1.209,1.20915,1.72,1.73
2012.12.06 16:31:49.344,1.20902,1.20918,1.72,2.63
2012.12.06 16:31:49.891,1.20902,1.20918,2.47,1.50
2012.12.06 16:31:50.162,1.20904,1.20918,1.13,1.50
2012.12.06 16:31:50.585,1.20906,1.2092,1.50,1.50
2012.12.06 16:31:51.275,1.20907,1.20922,1.50,2.19
2012.12.06 16:31:51.342,1.20908,1.20923,1.04,3.60
2012.12.06 16:31:51.462,1.20909,1.20925,2.02,4.50
2012.12.06 16:31:51.982,1.20909,1.20925,1.79,2.25
2012.12.06 16:31:52.503,1.20909,1.20925,1.79,2.48
2012.12.06 16:31:52.563,1.20909,1.20922,1.04,1.50
2012.12.06 16:32:02.097,1.2091,1.20924,2.54,3.00
2012.12.06 16:32:15.003,1.20908,1.20921,1.04,1.50
2012.12.06 16:32:15.301,1.20906,1.20921,1.04,1.50
2012.12.06 16:32:15.364,1.20906,1.20921,1.27,1.50
2012.12.06 16:32:15.432,1.20905,1.20919,3.23,1.50
2012.12.06 16:32:15.741,1.20903,1.20917,2.69,1.50
2012.12.06 16:32:15.862,1.20903,1.20917,2.69,1.50
2012.12.06 16:32:16.495,1.20903,1.20917,2.69,1.73
2012.12.06 16:32:17.042,1.20904,1.20917,1.19,1.73
2012.12.06 16:32:17.713,1.20903,1.20917,2.69,1.73
2012.12.06 16:32:18.142,1.20903,1.20915,2.69,1.13
2012.12.06 16:32:18.202,1.20903,1.20916,2.69,3.98
2012.12.06 16:32:18.465,1.20903,1.20917,2.69,1.50
2012.12.06 16:32:19.012,1.20903,1.20917,2.69,1.50
2012.12.06 16:32:19.073,1.20903,1.20917,3.20,1.50
2012.12.06 16:32:19.191,1.20906,1.2092,1.04,1.88
2012.12.06 16:32:19.732,1.20904,1.2092,2.98,2.63
2012.12.06 16:32:21.962,1.20908,1.20921,1.50,1.97
2012.12.06 16:32:22.560,1.20908,1.20923,1.50,1.50
2012.12.06 16:32:22.992,1.20908,1.20922,1.50,2.19
2012.12.06 16:32:23.052,1.20905,1.20921,3.23,2.25
2012.12.06 16:32:23.561,1.20905,1.20921,3.23,2.25
2012.12.06 16:32:29.523,1.20905,1.20921,2.48,2.63
2012.12.06 16:32:29.762,1.20905,1.20921,2.47,3.60
2012.12.06 16:32:31.506,1.20904,1.20919,1.19,3.00
2012.12.06 16:32:31.822,1.20903,1.20919,2.69,3.00
2012.12.06 16:32:32.362,1.20907,1.20921,1.50,2.19
2012.12.06 16:32:32.878,1.20905,1.20921,3.00,3.69
2012.12.06 16:32:43.672,1.20906,1.20921,2.63,3.84
2012.12.06 16:32:43.912,1.2091,1.20924,1.79,2.25
2012.12.06 16:32:46.033,1.2091,1.20924,2.54,1.50
2012.12.06 16:32:46.603,1.20913,1.20927,1.50,2.25
2012.12.06 16:32:47.169,1.20913,1.20927,1.50,2.33
2012.12.06 16:32:47.712,1.20913,1.20927,1.73,2.25
2012.12.06 16:32:48.802,1.20913,1.20927,1.50,2.33
2012.12.06 16:32:52.960,1.20913,1.20927,1.50,1.50
2012.12.06 16:33:06.117,1.20914,1.20928,1.50,1.73
2012.12.06 16:33:12.864,1.20914,1.20928,2.25,1.88
2012.12.06 16:33:13.292,1.20917,1.20929,1.50,1.13
2012.12.06 16:33:13.593,1.20917,1.20931,1.50,3.15
2012.12.06 16:33:16.402,1.20919,1.20931,1.50,1.50
2012.12.06 16:33:16.942,1.20919,1.20933,1.50,4.73
2012.12.06 16:33:19.354,1.20919,1.20933,1.50,5.10
2012.12.06 16:33:21.353,1.20919,1.20933,2.25,3.23
2012.12.06 16:33:21.412,1.20919,1.20933,2.63,3.23
2012.12.06 16:33:21.774,1.20923,1.20937,3.23,2.25
2012.12.06 16:33:21.963,1.20923,1.20937,2.48,1.50
2012.12.06 16:33:22.143,1.20926,1.2094,1.50,1.73
2012.12.06 16:33:24.893,1.20926,1.2094,1.50,2.48
2012.12.06 16:33:25.162,1.20926,1.2094,1.50,6.75
2012.12.06 16:33:25.702,1.20926,1.2094,1.50,1.73
2012.12.06 16:33:26.300,1.20926,1.2094,1.50,2.25
2012.12.06 16:33:26.361,1.20926,1.20939,1.50,1.13
2012.12.06 16:33:26.902,1.20926,1.2094,1.50,2.63
2012.12.06 16:33:27.443,1.20926,1.2094,3.90,1.50
2012.12.06 16:33:27.804,1.20932,1.20945,1.50,2.48
2012.12.06 16:33:27.874,1.2093,1.20944,3.00,2.48
2012.12.06 16:33:28.872,1.2093,1.20944,1.50,2.48
2012.12.06 16:33:28.992,1.2093,1.20944,1.50,2.10
2012.12.06 16:33:29.495,1.2093,1.20944,1.50,2.25
2012.12.06 16:33:30.042,1.2093,1.20944,1.50,1.50
2012.12.06 16:33:30.551,1.20931,1.20946,1.50,1.13
2012.12.06 16:33:31.193,1.20931,1.20945,1.79,1.35
2012.12.06 16:33:32.543,1.20931,1.20947,1.79,2.85
2012.12.06 16:33:33.382,1.2093,1.20944,1.50,1.50
2012.12.06 16:33:34.940,1.20926,1.20941,1.88,1.97
2012.12.06 16:33:36.371,1.20924,1.2094,1.79,1.50
2012.12.06 16:33:36.732,1.20921,1.20934,1.72,4.35
2012.12.06 16:33:37.271,1.20919,1.20932,1.78,1.13
2012.12.06 16:33:38.062,1.2092,1.20932,1.72,1.13
2012.12.06 16:33:38.602,1.2092,1.20934,2.40,4.13
2012.12.06 16:33:39.642,1.2092,1.20933,1.72,1.88
2012.12.06 16:33:40.151,1.2092,1.20933,1.72,1.88
2012.12.06 16:33:40.682,1.2092,1.20933,1.72,1.88
2012.12.06 16:33:41.484,1.2092,1.20933,1.72,1.88
2012.12.06 16:33:42.217,1.2092,1.20933,1.72,1.88
2012.12.06 16:33:43.172,1.2092,1.20933,1.72,1.88
2012.12.06 16:33:44.521,1.2092,1.20934,1.87,2.63
2012.12.06 16:33:44.703,1.20921,1.20934,1.72,1.13
2012.12.06 16:33:45.242,1.2092,1.20932,3.44,1.13
2012.12.06 16:33:45.793,1.2092,1.20932,3.06,1.13
2012.12.06 16:33:47.461,1.2092,1.20932,3.06,1.13
2012.12.06 16:33:49.251,1.2092,1.20932,2.31,1.13
2012.12.06 16:33:49.753,1.2092,1.20932,2.31,1.13
2012.12.06 16:33:50.472,1.2092,1.20932,1.94,1.13
2012.12.06 16:33:51.873,1.2092,1.20932,1.94,1.13
2012.12.06 16:33:54.151,1.2092,1.20932,1.79,1.13
2012.12.06 16:33:54.823,1.2092,1.20932,1.79,1.13
2012.12.06 16:33:54.941,1.2092,1.20932,1.65,1.13
2012.12.06 16:33:55.330,1.2092,1.20932,1.79,1.13
2012.12.06 16:33:56.112,1.2092,1.20933,1.65,1.13
2012.12.06 16:33:56.293,1.20918,1.20932,1.50,1.88
2012.12.06 16:33:56.594,1.20916,1.2093,1.50,2.19
2012.12.06 16:33:56.711,1.20916,1.20932,1.50,4.07
2012.12.06 16:33:57.405,1.20918,1.20933,1.50,2.48
2012.12.06 16:33:58.183,1.20918,1.20933,1.50,2.48
2012.12.06 16:33:58.687,1.20918,1.20932,1.50,4.59
2012.12.06 16:34:02.612,1.20915,1.20931,3.00,2.25
2012.12.06 16:34:02.733,1.20915,1.2093,2.25,1.97
2012.12.06 16:34:03.559,1.20916,1.20931,1.50,4.37
2012.12.06 16:34:03.966,1.20918,1.20931,1.50,2.12
2012.12.06 16:34:19.821,1.20917,1.20933,2.92,2.48
2012.12.06 16:34:20.004,1.20922,1.20935,1.50,1.50
2012.12.06 16:34:20.074,1.20922,1.20936,1.50,3.23
2012.12.06 16:34:20.502,1.20923,1.20938,1.50,2.25
2012.12.06 16:34:21.156,1.20923,1.20937,1.50,2.72
2012.12.06 16:34:21.672,1.20922,1.20936,1.50,2.48
2012.12.06 16:34:24.982,1.20922,1.20936,1.73,2.25
2012.12.06 16:34:26.842,1.20926,1.20937,1.50,2.72
2012.12.06 16:34:29.913,1.20926,1.20936,1.50,1.13
2012.12.06 16:34:30.273,1.20922,1.20936,1.50,1.35
2012.12.06 16:34:30.752,1.20922,1.20936,1.50,1.35
2012.12.06 16:34:31.052,1.20922,1.20938,2.25,2.63
2012.12.06 16:34:34.252,1.20922,1.20938,7.73,2.25
2012.12.06 16:34:34.372,1.20925,1.20941,1.50,4.50
2012.12.06 16:34:35.112,1.20925,1.2094,1.50,3.98
2012.12.06 16:34:35.653,1.20925,1.20941,1.50,3.75
2012.12.06 16:34:35.894,1.20927,1.20941,1.79,2.25
2012.12.06 16:34:35.952,1.20929,1.20943,1.50,3.38
2012.12.06 16:34:36.461,1.20929,1.20943,1.50,3.38
2012.12.06 16:34:37.141,1.20929,1.20943,1.50,2.25
2012.12.06 16:34:37.919,1.20929,1.20943,1.50,2.63
2012.12.06 16:34:37.994,1.20929,1.20943,1.50,1.73
2012.12.06 16:34:38.313,1.20929,1.20943,2.25,1.73
2012.12.06 16:34:38.792,1.20933,1.20947,1.50,3.98
2012.12.06 16:34:39.833,1.20933,1.20944,1.50,3.75
2012.12.06 16:34:39.894,1.20931,1.20945,1.50,2.48
2012.12.06 16:34:40.502,1.20931,1.20945,2.25,1.73
2012.12.06 16:34:41.041,1.20931,1.20944,1.88,1.97
2012.12.06 16:34:41.403,1.20933,1.20946,1.50,1.13
2012.12.06 16:34:41.763,1.20936,1.20946,1.50,1.13
2012.12.06 16:34:42.281,1.20936,1.20951,2.25,1.35
2012.12.06 16:34:45.372,1.20936,1.20951,3.00,1.13
2012.12.06 16:34:45.612,1.20938,1.20954,2.40,3.23
2012.12.06 16:34:45.673,1.20943,1.20954,1.50,1.50
2012.12.06 16:34:46.117,1.20943,1.20956,1.50,1.50
2012.12.06 16:34:46.672,1.20943,1.20959,1.50,2.85
2012.12.06 16:34:47.304,1.20942,1.20956,1.50,2.25
2012.12.06 16:34:47.870,1.20942,1.20956,1.50,2.48
2012.12.06 16:34:48.510,1.20942,1.20956,1.50,3.00
2012.12.06 16:34:48.587,1.20942,1.20955,1.50,2.94
2012.12.06 16:34:49.383,1.2094,1.20954,1.50,2.48
2012.12.06 16:34:50.144,1.2094,1.20954,1.50,2.25
2012.12.06 16:34:50.691,1.2094,1.20953,1.50,1.73
2012.12.06 16:34:52.193,1.2094,1.20953,1.50,1.73
2012.12.06 16:34:52.753,1.2094,1.20953,1.50,2.10
2012.12.06 16:34:53.062,1.20937,1.20953,2.54,3.98
2012.12.06 16:34:53.983,1.20937,1.20953,2.54,3.75
2012.12.06 16:34:55.094,1.20937,1.20953,2.54,1.50
2012.12.06 16:34:55.392,1.2094,1.20956,1.50,3.75
2012.12.06 16:34:55.752,1.2094,1.20953,1.50,1.50
2012.12.06 16:34:56.303,1.2094,1.20956,1.50,4.73
2012.12.06 16:35:00.082,1.2094,1.20953,1.50,3.75
2012.12.06 16:35:00.503,1.20938,1.20952,1.50,1.50
2012.12.06 16:35:00.753,1.20941,1.20955,1.50,3.00
2012.12.06 16:35:01.298,1.20941,1.20955,2.25,3.00
2012.12.06 16:35:01.976,1.20941,1.20955,2.25,2.25
2012.12.06 16:35:02.502,1.20943,1.20956,1.50,2.94
2012.12.06 16:35:03.171,1.20942,1.20956,2.25,4.44
2012.12.06 16:35:03.760,1.2094,1.20954,2.25,1.50
2012.12.06 16:35:05.955,1.2094,1.20954,2.25,1.88
2012.12.06 16:35:06.113,1.2094,1.20954,2.25,1.50
2012.12.06 16:35:06.473,1.2094,1.20954,1.50,1.50
2012.12.06 16:35:16.973,1.2094,1.20952,1.50,3.75
2012.12.06 16:35:17.851,1.20937,1.20951,1.50,2.48
2012.12.06 16:35:18.682,1.20935,1.20949,1.50,1.50
2012.12.06 16:35:27.613,1.20935,1.20949,2.25,1.50
2012.12.06 16:35:28.221,1.20936,1.20951,2.25,1.65
2012.12.06 16:35:29.941,1.20936,1.20951,2.63,1.65
2012.12.06 16:35:30.522,1.20938,1.20952,2.25,2.94
2012.12.06 16:35:30.822,1.2094,1.20954,1.13,4.35
2012.12.06 16:35:31.185,1.20945,1.20956,1.50,3.98
2012.12.06 16:35:31.312,1.20942,1.20956,4.13,3.98
2012.12.06 16:35:31.612,1.20942,1.20958,2.63,2.85
2012.12.06 16:35:38.894,1.20942,1.20957,2.63,2.40
2012.12.06 16:35:39.582,1.20942,1.20958,3.38,3.23
2012.12.06 16:35:41.831,1.20942,1.20957,3.38,1.13
2012.12.06 16:35:42.372,1.20942,1.20955,1.13,1.50
2012.12.06 16:35:48.743,1.20941,1.20955,4.42,1.50
2012.12.06 16:35:49.301,1.20943,1.20957,1.50,3.23
2012.12.06 16:35:50.333,1.20943,1.20957,1.50,2.85
2012.12.06 16:35:58.868,1.20943,1.20957,1.65,1.88
2012.12.06 16:36:06.916,1.20943,1.20957,1.50,1.88
2012.12.06 16:36:09.207,1.20944,1.20958,1.50,3.00
2012.12.06 16:36:09.889,1.20944,1.20958,1.50,2.63
2012.12.06 16:36:12.561,1.20944,1.20958,1.50,6.38
2012.12.06 16:36:12.621,1.20944,1.20957,1.50,1.13
2012.12.06 16:36:12.682,1.20942,1.20955,2.40,1.13
2012.12.06 16:36:13.233,1.20942,1.20954,2.40,1.13
2012.12.06 16:36:13.572,1.20942,1.20956,2.40,4.22
2012.12.06 16:36:13.882,1.20945,1.20958,1.50,4.13
2012.12.06 16:36:14.121,1.20945,1.20958,1.50,2.63
2012.12.06 16:36:16.691,1.20945,1.20958,1.50,2.85
2012.12.06 16:36:16.752,1.20943,1.20955,2.25,1.88
2012.12.06 16:36:16.877,1.20941,1.20955,2.85,2.63
2012.12.06 16:36:33.661,1.20941,1.20954,2.63,1.13
2012.12.06 16:36:42.193,1.20941,1.20955,3.38,2.63
2012.12.06 16:36:42.731,1.20942,1.20955,2.40,1.88
2012.12.06 16:36:46.432,1.20942,1.20958,3.15,3.38
2012.12.06 16:36:46.862,1.20942,1.20958,3.15,3.00
2012.12.06 16:36:51.541,1.20942,1.20958,3.15,4.13
2012.12.06 16:36:53.641,1.20942,1.20958,3.15,3.00
2012.12.06 16:37:26.292,1.20943,1.20958,2.25,3.23
2012.12.06 16:37:26.831,1.20942,1.20954,1.13,1.13
2012.12.06 16:37:29.103,1.20944,1.20955,1.13,1.50
2012.12.06 16:37:29.643,1.20946,1.20955,1.50,1.50
2012.12.06 16:37:29.963,1.20946,1.20959,1.50,3.75
2012.12.06 16:37:30.024,1.20943,1.20959,3.23,5.25
2012.12.06 16:37:30.582,1.20943,1.20959,3.00,5.48
2012.12.06 16:37:37.515,1.20944,1.20959,1.50,3.98
2012.12.06 16:37:38.063,1.20943,1.20959,3.38,5.48
2012.12.06 16:38:09.873,1.20943,1.20958,3.15,1.35
2012.12.06 16:38:18.672,1.20943,1.20958,3.38,1.35
2012.12.06 16:38:19.005,1.20945,1.20959,1.19,1.50
2012.12.06 16:38:19.073,1.20945,1.20959,1.65,1.50
2012.12.06 16:38:19.612,1.20946,1.2096,2.25,2.25
2012.12.06 16:38:19.817,1.20947,1.2096,1.88,2.25
2012.12.06 16:38:20.384,1.20948,1.20961,1.13,1.97
2012.12.06 16:38:20.803,1.20951,1.20961,1.88,1.97
2012.12.06 16:38:21.224,1.20957,1.20961,1.50,1.22
2012.12.06 16:38:21.344,1.20953,1.20961,1.73,1.97
2012.12.06 16:38:21.464,1.20953,1.20965,1.50,1.97
2012.12.06 16:38:21.525,1.20953,1.20968,1.50,3.38
2012.12.06 16:38:23.874,1.20953,1.20968,1.13,3.90
2012.12.06 16:38:24.053,1.20954,1.20968,3.75,4.13
2012.12.06 16:38:24.413,1.2096,1.2097,3.75,2.25
2012.12.06 16:38:24.490,1.2096,1.2097,3.75,1.50
2012.12.06 16:38:24.612,1.20958,1.20972,6.38,3.15
2012.12.06 16:38:25.116,1.20958,1.20972,5.40,2.40
2012.12.06 16:38:27.687,1.20951,1.20964,1.88,2.63
2012.12.06 16:38:30.142,1.20951,1.20964,1.88,3.00
2012.12.06 16:38:30.562,1.20952,1.20966,3.67,1.50
2012.12.06 16:38:31.222,1.20951,1.20964,1.50,2.25
2012.12.06 16:38:31.342,1.2095,1.20964,1.50,2.25
2012.12.06 16:38:31.703,1.20948,1.20964,3.60,2.63
2012.12.06 16:38:32.062,1.20946,1.20958,1.13,2.63
2012.12.06 16:38:32.322,1.20947,1.20958,1.13,2.63
2012.12.06 16:38:32.383,1.20946,1.20958,1.88,2.63
2012.12.06 16:38:32.803,1.20948,1.20963,1.04,2.63
2012.12.06 16:38:33.102,1.20947,1.20962,1.50,2.19
2012.12.06 16:38:33.282,1.20945,1.20957,1.50,1.50
2012.12.06 16:38:33.585,1.20942,1.20954,1.13,2.63
2012.12.06 16:38:33.773,1.20941,1.20954,3.15,2.63
2012.12.06 16:38:41.305,1.20941,1.20954,1.88,3.00
2012.12.06 16:38:41.613,1.20944,1.20957,1.04,1.65
2012.12.06 16:38:41.733,1.20943,1.20957,1.88,1.65
2012.12.06 16:38:41.793,1.20943,1.20957,1.65,1.65
2012.12.06 16:38:41.853,1.20943,1.20957,1.79,1.50
2012.12.06 16:38:42.032,1.20948,1.20962,1.50,1.50
2012.12.06 16:38:42.224,1.20945,1.20961,3.52,1.50
2012.12.06 16:38:47.313,1.20945,1.20956,2.77,1.88
2012.12.06 16:38:47.493,1.20941,1.20953,1.88,1.13
2012.12.06 16:38:56.002,1.20941,1.20954,1.88,2.40
2012.12.06 16:38:56.792,1.20942,1.20954,2.40,1.50
2012.12.06 16:38:56.915,1.20942,1.20954,3.67,1.50
2012.12.06 16:38:57.042,1.20945,1.20958,1.50,3.75
2012.12.06 16:38:57.161,1.20942,1.20957,2.69,1.50
2012.12.06 16:39:00.512,1.20942,1.20949,1.79,1.65
2012.12.06 16:39:00.693,1.20938,1.20946,2.25,1.50
2012.12.06 16:39:00.812,1.20936,1.20949,1.65,4.37
2012.12.06 16:39:02.862,1.20934,1.20948,1.09,1.88
2012.12.06 16:39:03.402,1.20933,1.20948,4.64,1.88
2012.12.06 16:39:03.962,1.20934,1.20948,1.28,1.88
2012.12.06 16:39:04.152,1.20934,1.20948,1.50,1.65
2012.12.06 16:39:05.654,1.20939,1.20949,1.50,1.88
2012.12.06 16:39:05.713,1.20939,1.20952,1.50,1.88
2012.12.06 16:39:05.773,1.20939,1.20952,1.79,1.73
2012.12.06 16:39:06.013,1.20939,1.20953,2.25,3.98
2012.12.06 16:39:06.073,1.20942,1.20953,1.50,3.23
2012.12.06 16:39:06.134,1.20942,1.20953,1.50,1.13
2012.12.06 16:39:06.312,1.20938,1.20954,3.90,3.98
2012.12.06 16:39:06.373,1.20943,1.20954,1.50,1.73
2012.12.06 16:39:06.493,1.20943,1.20957,1.50,2.25
2012.12.06 16:39:12.784,1.20943,1.20956,2.25,1.97
2012.12.06 16:39:12.904,1.20943,1.20957,2.25,1.50
2012.12.06 16:39:16.735,1.20943,1.20957,1.50,2.10
2012.12.06 16:39:16.792,1.20943,1.20955,1.50,1.13
2012.12.06 16:39:17.287,1.20938,1.2095,2.54,1.50
2012.12.06 16:39:17.471,1.20938,1.2095,2.25,2.25
2012.12.06 16:39:17.592,1.20936,1.2095,1.50,2.25
2012.12.06 16:39:20.765,1.20936,1.2095,1.50,3.47
2012.12.06 16:39:20.953,1.20933,1.20947,3.23,1.50
2012.12.06 16:39:22.354,1.20933,1.20947,2.63,1.50
2012.12.06 16:39:22.852,1.20935,1.20947,3.75,1.50
2012.12.06 16:39:23.212,1.20936,1.20949,1.35,1.50
2012.12.06 16:39:23.763,1.20935,1.20949,2.48,1.50
2012.12.06 16:39:24.302,1.20935,1.20949,2.25,1.50
2012.12.06 16:39:50.723,1.20935,1.20949,6.00,1.50
2012.12.06 16:39:51.142,1.20936,1.20949,2.25,1.50
2012.12.06 16:39:51.382,1.20938,1.20952,1.50,1.28
2012.12.06 16:39:56.840,1.20938,1.20952,1.50,1.13
2012.12.06 16:39:57.142,1.20937,1.20949,1.65,1.13
2012.12.06 16:39:59.633,1.20937,1.2095,1.88,2.25
2012.12.06 16:40:00.122,1.20942,1.20953,1.50,1.43
2012.12.06 16:40:00.245,1.20939,1.20953,1.50,2.93
2012.12.06 16:40:00.782,1.20939,1.20953,1.50,2.93
2012.12.06 16:40:00.964,1.20935,1.20947,2.17,1.50
2012.12.06 16:40:01.203,1.20938,1.20949,1.50,1.50
2012.12.06 16:40:01.324,1.2094,1.20952,2.02,1.50
2012.12.06 16:40:01.383,1.20943,1.20957,1.50,3.08
2012.12.06 16:40:01.504,1.20943,1.20957,1.50,2.25
2012.12.06 16:40:02.473,1.20943,1.20957,1.50,2.25
2012.12.06 16:40:02.834,1.20937,1.20952,1.04,1.73
2012.12.06 16:40:03.013,1.20936,1.20952,2.25,5.94
2012.12.06 16:40:03.783,1.20934,1.2095,2.25,1.50
2012.12.06 16:40:05.176,1.20934,1.2095,2.25,2.25
2012.12.06 16:40:05.852,1.20935,1.20949,1.50,1.50
2012.12.06 16:40:06.495,1.20935,1.20944,1.50,1.50
2012.12.06 16:40:06.682,1.20929,1.20943,2.25,2.40
2012.12.06 16:40:24.046,1.20929,1.20939,1.50,1.50
2012.12.06 16:40:24.172,1.20929,1.20942,1.50,2.19
2012.12.06 16:40:25.212,1.20927,1.20939,1.50,1.50
2012.12.06 16:40:30.693,1.20927,1.20939,1.13,1.50
2012.12.06 16:40:40.063,1.20926,1.20939,2.10,1.50
2012.12.06 16:40:40.183,1.20926,1.20939,1.13,1.50
2012.12.06 16:40:40.303,1.20925,1.20939,4.13,1.50
2012.12.06 16:40:40.603,1.20927,1.20943,3.67,4.13
2012.12.06 16:40:40.786,1.20928,1.20943,1.35,3.15
2012.12.06 16:40:41.094,1.20927,1.2094,2.10,1.50
2012.12.06 16:40:41.153,1.20927,1.2094,1.73,1.50
2012.12.06 16:40:41.715,1.20927,1.2094,1.88,1.50
2012.12.06 16:40:42.922,1.20927,1.2094,1.73,1.50
2012.12.06 16:40:43.462,1.20929,1.20942,2.63,2.72
2012.12.06 16:40:44.012,1.20929,1.20943,2.63,3.15
2012.12.06 16:40:45.125,1.20926,1.20942,3.23,4.37
2012.12.06 16:40:45.552,1.20926,1.20942,2.25,4.59
2012.12.06 16:40:46.922,1.20926,1.20942,2.63,4.44
2012.12.06 16:40:47.043,1.20926,1.20942,4.50,4.44
2012.12.06 16:40:47.102,1.20927,1.20942,2.54,2.25
2012.12.06 16:40:47.652,1.20928,1.20943,4.50,2.40
2012.12.06 16:40:48.013,1.20929,1.20943,1.13,2.63
2012.12.06 16:40:51.132,1.20931,1.20943,1.50,2.25
2012.12.06 16:40:51.253,1.20932,1.20943,1.65,1.13
2012.12.06 16:40:51.972,1.2093,1.20943,1.65,3.15
2012.12.06 16:40:55.363,1.20932,1.20943,1.13,3.00
2012.12.06 16:40:55.543,1.20932,1.20943,2.40,1.50
2012.12.06 16:40:55.602,1.20932,1.20947,2.63,4.80
2012.12.06 16:40:56.144,1.20935,1.20948,1.50,1.88
2012.12.06 16:41:08.652,1.20935,1.20948,1.50,1.88
2012.12.06 16:41:09.137,1.20935,1.20948,1.50,2.63
2012.12.06 16:41:09.634,1.20935,1.20948,2.25,2.63
2012.12.06 16:41:10.224,1.20933,1.20947,2.78,3.00
2012.12.06 16:41:14.959,1.20933,1.20947,2.25,3.90
2012.12.06 16:41:25.253,1.20933,1.20947,2.25,4.13
2012.12.06 16:41:29.663,1.20933,1.20947,2.40,3.15
2012.12.06 16:41:36.684,1.20933,1.20944,2.25,1.13
2012.12.06 16:41:36.863,1.20931,1.20943,1.65,1.50
2012.12.06 16:41:39.714,1.20932,1.20943,4.13,1.50
2012.12.06 16:41:39.894,1.20938,1.20944,1.50,1.50
2012.12.06 16:41:40.016,1.20937,1.20948,3.29,1.65
2012.12.06 16:41:40.143,1.20937,1.2095,3.00,1.13
2012.12.06 16:41:40.706,1.20937,1.20951,3.00,3.69
2012.12.06 16:41:42.295,1.20937,1.2095,2.25,1.50
2012.12.06 16:41:42.603,1.20934,1.20944,1.04,3.38
2012.12.06 16:41:42.827,1.20934,1.20944,1.04,3.38
2012.12.06 16:41:43.122,1.2093,1.20944,1.88,4.13
2012.12.06 16:41:44.133,1.2093,1.20944,2.63,3.75
2012.12.06 16:41:45.075,1.20931,1.20944,1.35,3.90
2012.12.06 16:41:55.163,1.2093,1.20943,1.50,1.13
2012.12.06 16:41:55.693,1.2093,1.20943,1.50,1.35
2012.12.06 16:41:56.749,1.20937,1.20946,2.63,2.48
2012.12.06 16:41:57.063,1.2094,1.2095,1.50,1.13
2012.12.06 16:41:57.183,1.20943,1.20952,1.50,1.13
2012.12.06 16:41:57.242,1.20943,1.20957,1.50,3.01
2012.12.06 16:41:57.364,1.20943,1.20957,1.50,2.85
2012.12.06 16:41:58.204,1.20943,1.20956,1.50,3.75
2012.12.06 16:42:05.204,1.20941,1.20956,3.29,3.98
2012.12.06 16:42:05.786,1.2094,1.20954,1.50,1.50
2012.12.06 16:42:16.504,1.2094,1.20954,1.50,1.73
2012.12.06 16:42:16.624,1.20938,1.20952,1.50,2.94
2012.12.06 16:42:17.463,1.20936,1.2095,3.00,1.73
2012.12.06 16:42:28.964,1.20935,1.2095,1.73,2.25
2012.12.06 16:42:29.515,1.2093,1.20943,1.13,2.25
2012.12.06 16:42:29.585,1.20929,1.20943,2.63,2.25
2012.12.06 16:42:31.332,1.20929,1.20943,2.25,3.00
2012.12.06 16:42:31.874,1.2093,1.20943,1.19,2.25
2012.12.06 16:42:32.177,1.20934,1.20944,1.50,1.50
2012.12.06 16:42:32.484,1.20941,1.20946,4.73,2.25
2012.12.06 16:42:32.802,1.20941,1.20951,4.73,2.25
2012.12.06 16:42:32.870,1.20941,1.20955,6.23,1.13
2012.12.06 16:42:36.514,1.20941,1.20956,2.48,1.97
2012.12.06 16:42:36.575,1.2094,1.20953,2.48,1.50
2012.12.06 16:42:41.694,1.20941,1.20953,5.25,1.50
2012.12.06 16:42:41.814,1.20941,1.20955,6.98,2.25
2012.12.06 16:42:42.053,1.20944,1.20955,3.75,2.25
2012.12.06 16:42:42.653,1.20945,1.20953,1.50,1.13
2012.12.06 16:42:42.773,1.20942,1.20949,1.50,1.13
2012.12.06 16:42:42.953,1.20937,1.20949,2.25,3.32
2012.12.06 16:42:43.193,1.20939,1.20948,1.50,2.40
2012.12.06 16:42:43.372,1.20938,1.20952,2.25,1.50
2012.12.06 16:42:43.894,1.20939,1.20952,2.25,1.50
2012.12.06 16:42:49.313,1.20939,1.20952,1.50,1.50
2012.12.06 16:42:49.372,1.20939,1.20952,1.50,2.25
2012.12.06 16:42:49.553,1.20935,1.20948,1.50,2.40
2012.12.06 16:42:50.104,1.20934,1.20948,1.50,2.63
2012.12.06 16:42:50.642,1.20932,1.20946,1.13,1.73
2012.12.06 16:42:50.702,1.20932,1.20946,1.13,1.73
2012.12.06 16:42:56.039,1.20931,1.20946,3.00,5.48
2012.12.06 16:42:56.102,1.20931,1.20944,3.00,1.13
2012.12.06 16:42:56.282,1.2093,1.20943,3.00,1.13
2012.12.06 16:42:59.033,1.2093,1.20944,2.25,3.23
2012.12.06 16:42:59.572,1.2093,1.20944,2.54,1.50
2012.12.06 16:43:00.184,1.20931,1.20944,2.25,1.50
2012.12.06 16:43:00.483,1.20932,1.20947,1.50,1.88
2012.12.06 16:43:01.110,1.20932,1.20947,2.25,5.48
2012.12.06 16:43:01.984,1.20932,1.20947,3.00,5.48
2012.12.06 16:43:02.590,1.20932,1.20947,3.00,5.48
2012.12.06 16:43:03.842,1.20932,1.20947,3.00,2.48
2012.12.06 16:43:04.034,1.2093,1.20944,3.75,1.50
2012.12.06 16:43:04.394,1.20928,1.20935,1.04,1.50
2012.12.06 16:43:04.519,1.20928,1.20934,1.79,1.65
2012.12.06 16:43:04.791,1.20923,1.20934,2.25,1.65
2012.12.06 16:43:05.813,1.20923,1.20937,2.25,3.98
2012.12.06 16:43:05.992,1.20926,1.2094,3.00,4.22
2012.12.06 16:43:06.502,1.20926,1.2094,3.23,1.50
2012.12.06 16:43:07.043,1.20927,1.20942,1.50,2.19
2012.12.06 16:43:13.636,1.20927,1.20942,1.88,1.97
2012.12.06 16:43:14.063,1.20928,1.20943,2.10,1.50
2012.12.06 16:43:14.603,1.2093,1.20945,1.50,3.47
2012.12.06 16:43:17.092,1.2093,1.20945,2.25,3.47
2012.12.06 16:43:17.623,1.20931,1.20945,1.50,3.47
2012.12.06 16:43:18.275,1.20931,1.20945,1.50,1.50
2012.12.06 16:43:24.519,1.20932,1.20946,1.50,1.50
2012.12.06 16:43:33.514,1.20932,1.20946,1.50,1.88
2012.12.06 16:43:33.992,1.20929,1.20943,1.04,1.65
2012.12.06 16:43:38.423,1.20928,1.20941,3.15,1.97
2012.12.06 16:43:38.981,1.20927,1.20941,1.13,1.97
2012.12.06 16:43:41.913,1.20928,1.20941,1.13,1.97
2012.12.06 16:43:42.294,1.20929,1.20942,1.35,2.40
2012.12.06 16:43:44.492,1.2093,1.20943,1.65,1.65
2012.12.06 16:43:45.027,1.2093,1.20943,1.88,1.50
2012.12.06 16:43:46.923,1.2093,1.20943,3.29,1.88
2012.12.06 16:43:47.434,1.2093,1.20943,2.63,1.50
2012.12.06 16:43:47.973,1.2093,1.20943,2.63,1.65
2012.12.06 16:43:48.935,1.2093,1.20943,2.91,1.88
2012.12.06 16:43:51.462,1.2093,1.20943,1.50,1.65
2012.12.06 16:43:54.963,1.2093,1.20943,2.25,1.65
2012.12.06 16:43:55.753,1.2093,1.20944,3.29,4.59
2012.12.06 16:43:56.054,1.20934,1.20947,2.40,1.13
2012.12.06 16:44:24.485,1.20933,1.20948,1.50,2.48
2012.12.06 16:44:52.872,1.20934,1.20948,1.50,2.48
2012.12.06 16:44:55.873,1.20933,1.20948,1.50,1.73
2012.12.06 16:45:08.873,1.20934,1.20948,1.50,2.48
2012.12.06 16:45:43.747,1.20934,1.20948,3.00,2.85
2012.12.06 16:45:44.295,1.20934,1.20948,3.00,3.38
2012.12.06 16:46:05.102,1.20934,1.20948,2.25,3.38
2012.12.06 16:46:05.646,1.20934,1.20948,2.25,3.60
2012.12.06 16:46:07.323,1.20932,1.20946,4.94,1.88
2012.12.06 16:46:07.683,1.20933,1.20948,3.29,1.13
2012.12.06 16:46:07.743,1.20933,1.20947,3.29,1.65
2012.12.06 16:46:09.273,1.20933,1.20946,2.25,1.13
2012.12.06 16:46:09.392,1.20933,1.20944,1.50,1.13
2012.12.06 16:46:09.801,1.20935,1.20943,1.50,1.50
2012.12.06 16:46:09.871,1.20935,1.20951,2.25,4.22
2012.12.06 16:46:10.124,1.20938,1.20951,1.50,1.97
2012.12.06 16:46:10.183,1.20938,1.20952,1.50,2.25
2012.12.06 16:46:10.745,1.20938,1.20952,2.25,1.50
2012.12.06 16:46:11.194,1.20938,1.20951,2.25,3.75
2012.12.06 16:46:11.564,1.20938,1.20948,1.50,2.10
2012.12.06 16:46:11.684,1.20936,1.20948,1.50,2.10
2012.12.06 16:46:12.275,1.20935,1.20948,1.50,2.10
2012.12.06 16:46:15.206,1.20935,1.20948,1.88,2.10
2012.12.06 16:46:22.022,1.20941,1.20952,1.13,1.50
2012.12.06 16:46:22.324,1.20948,1.20959,2.40,1.13
2012.12.06 16:46:23.014,1.20948,1.20962,2.40,3.38
2012.12.06 16:46:23.374,1.20944,1.20959,1.50,3.69
2012.12.06 16:46:23.794,1.20943,1.20956,1.50,2.48
2012.12.06 16:46:23.915,1.20942,1.20956,1.50,2.48
2012.12.06 16:46:24.482,1.2094,1.20956,3.00,3.23
2012.12.06 16:46:25.083,1.2094,1.20956,3.00,3.23
2012.12.06 16:46:25.147,1.2094,1.20956,2.25,3.98
2012.12.06 16:46:25.343,1.20937,1.20951,2.63,3.69
2012.12.06 16:46:29.563,1.20939,1.20951,1.50,2.72
2012.12.06 16:46:32.144,1.2094,1.20951,1.50,1.97
2012.12.06 16:46:32.263,1.20942,1.20956,1.50,2.10
2012.12.06 16:46:32.813,1.20941,1.20953,1.50,2.48
2012.12.06 16:46:33.648,1.20941,1.20953,1.50,2.48
2012.12.06 16:46:35.094,1.20941,1.20952,1.50,2.48
2012.12.06 16:46:35.162,1.20938,1.20951,1.50,2.72
2012.12.06 16:46:53.233,1.20938,1.20951,1.88,1.97
2012.12.06 16:46:58.856,1.20938,1.20951,3.38,1.97
2012.12.06 16:46:58.984,1.20939,1.20953,2.10,3.00
2012.12.06 16:46:59.164,1.20943,1.20953,3.75,1.50
2012.12.06 16:46:59.405,1.20947,1.20961,1.50,2.25
2012.12.06 16:46:59.475,1.20947,1.20957,1.50,1.13
2012.12.06 16:46:59.664,1.20941,1.20954,2.63,2.40
2012.12.06 16:46:59.843,1.20945,1.20954,3.98,1.50
2012.12.06 16:47:00.146,1.20952,1.20966,1.50,2.48
2012.12.06 16:47:00.683,1.20951,1.20966,2.25,2.48
2012.12.06 16:47:01.624,1.20952,1.20968,1.50,5.10
2012.12.06 16:47:01.683,1.20952,1.20968,2.25,3.60
2012.12.06 16:47:02.063,1.20952,1.20968,1.50,5.10
2012.12.06 16:47:02.243,1.2095,1.20963,2.25,1.88
2012.12.06 16:47:05.092,1.2095,1.20963,1.13,2.63
2012.12.06 16:47:08.064,1.20949,1.20963,2.25,2.63
2012.12.06 16:47:11.813,1.20954,1.20963,2.25,1.50
2012.12.06 16:47:11.993,1.20954,1.2097,2.25,5.57
2012.12.06 16:47:12.763,1.20954,1.2097,3.00,4.82
2012.12.06 16:47:12.823,1.20958,1.20971,1.50,2.48
2012.12.06 16:47:12.883,1.20958,1.20972,1.50,2.48
2012.12.06 16:47:13.123,1.20958,1.20967,1.50,3.75
2012.12.06 16:47:13.305,1.20952,1.20963,1.50,1.88
2012.12.06 16:47:13.363,1.2095,1.20963,3.00,1.88
2012.12.06 16:47:14.995,1.2095,1.20964,3.00,2.19
2012.12.06 16:47:15.054,1.20953,1.20966,2.54,3.98
2012.12.06 16:47:15.475,1.20955,1.20966,1.50,2.25
2012.12.06 16:47:16.085,1.20954,1.20966,2.25,1.50
2012.12.06 16:47:17.054,1.20954,1.20966,2.25,1.88
2012.12.06 16:47:17.293,1.2095,1.20963,2.25,1.88
2012.12.06 16:47:55.103,1.2095,1.20963,1.50,2.10
2012.12.06 16:47:56.617,1.2095,1.20963,1.88,2.10
2012.12.06 16:47:57.242,1.2095,1.20963,2.03,1.65
2012.12.06 16:47:57.766,1.2095,1.20963,1.65,1.65
