2008.10.22 14:00:04.483,1.4983,1.49845,88.00,62.90
2008.10.22 14:00:05.512,1.4983,1.49845,60.20,84.30
2008.10.22 14:00:05.792,1.4983,1.4985,57.00,85.70
2008.10.22 14:00:07.122,1.4984,1.4985,88.30,102.50
2008.10.22 14:00:07.462,1.49845,1.4986,92.80,89.60
2008.10.22 14:00:07.742,1.4985,1.4987,76.30,99.70
2008.10.22 14:00:08.411,1.49845,1.4987,114.80,92.10
2008.10.22 14:00:09.001,1.4986,1.4987,72.90,85.40
2008.10.22 14:00:09.341,1.4986,1.4987,78.70,57.70
2008.10.22 14:00:09.681,1.4988,1.4989,55.40,77.50
2008.10.22 14:00:10.081,1.4988,1.4989,56.30,51.20
2008.10.22 14:00:10.431,1.49875,1.4988,55.70,64.80
2008.10.22 14:00:10.891,1.49875,1.4988,75.30,56.00
2008.10.22 14:00:11.171,1.49885,1.4989,88.90,72.00
2008.10.22 14:00:11.621,1.49885,1.4989,73.50,72.90
2008.10.22 14:00:12.001,1.49875,1.4988,112.60,89.00
2008.10.22 14:00:12.361,1.4988,1.4989,91.30,76.10
2008.10.22 14:00:12.642,1.4988,1.4989,59.50,67.30
2008.10.22 14:00:13.101,1.4988,1.49905,79.50,105.20
2008.10.22 14:00:13.450,1.49895,1.49915,67.30,102.10
2008.10.22 14:00:13.810,1.499,1.4992,58.10,50.00
2008.10.22 14:00:14.270,1.4991,1.49945,89.10,59.40
2008.10.22 14:00:14.610,1.49915,1.49945,80.70,80.60
2008.10.22 14:00:14.960,1.4991,1.49945,93.70,80.90
2008.10.22 14:00:15.350,1.49935,1.4994,44.00,73.00
2008.10.22 14:00:15.710,1.49935,1.4994,72.30,50.90
2008.10.22 14:00:16.180,1.49925,1.4994,48.20,78.40
2008.10.22 14:00:16.410,1.4993,1.4994,74.00,64.00
2008.10.22 14:00:16.760,1.4992,1.4994,83.50,93.00
2008.10.22 14:00:17.350,1.49915,1.4992,100.40,54.80
2008.10.22 14:00:17.709,1.4992,1.4996,42.70,40.40
2008.10.22 14:00:17.999,1.4992,1.4996,66.00,102.40
2008.10.22 14:00:18.280,1.4992,1.4996,75.25,86.50
2008.10.22 14:00:18.569,1.4992,1.4996,98.60,102.50
2008.10.22 14:00:18.979,1.4992,1.4995,104.70,44.40
2008.10.22 14:00:19.379,1.4992,1.4995,163.25,65.10
2008.10.22 14:00:19.709,1.4993,1.4995,123.10,110.90
2008.10.22 14:00:20.067,1.4993,1.4995,96.40,64.10
2008.10.22 14:00:20.578,1.4993,1.4995,67.50,128.90
2008.10.22 14:00:21.029,1.4993,1.4995,94.50,94.80
2008.10.22 14:00:21.379,1.4994,1.4995,139.10,121.60
2008.10.22 14:00:21.728,1.4994,1.4995,137.50,97.10
2008.10.22 14:00:22.528,1.4994,1.49945,138.10,125.20
2008.10.22 14:00:22.938,1.49915,1.4993,45.20,37.10
2008.10.22 14:00:23.388,1.49885,1.4993,46.30,47.70
2008.10.22 14:00:23.788,1.4988,1.4992,41.55,44.10
2008.10.22 14:00:24.078,1.4988,1.49905,89.50,69.00
2008.10.22 14:00:24.458,1.4988,1.4992,97.70,141.10
2008.10.22 14:00:24.798,1.4988,1.4991,61.50,55.00
2008.10.22 14:00:25.208,1.4988,1.49905,94.50,96.10
2008.10.22 14:00:25.557,1.4987,1.499,65.70,106.00
2008.10.22 14:00:25.887,1.49865,1.49905,130.80,161.60
2008.10.22 14:00:26.247,1.49865,1.4991,186.20,210.80
2008.10.22 14:00:26.618,1.49865,1.499,224.80,245.50
2008.10.22 14:00:27.067,1.49865,1.49885,88.30,95.10
2008.10.22 14:00:27.407,1.4985,1.49885,107.60,91.00
2008.10.22 14:00:27.757,1.4985,1.49875,134.30,83.80
2008.10.22 14:00:28.177,1.49835,1.4986,164.70,68.40
2008.10.22 14:00:28.407,1.4983,1.4986,102.70,100.40
2008.10.22 14:00:28.697,1.4983,1.4986,80.70,102.20
2008.10.22 14:00:28.997,1.49835,1.4986,89.50,103.00
2008.10.22 14:00:29.397,1.49835,1.49865,61.30,97.00
2008.10.22 14:00:30.446,1.49835,1.4986,107.70,110.00
2008.10.22 14:00:31.066,1.49835,1.49865,108.40,157.50
2008.10.22 14:00:31.467,1.49825,1.4985,77.80,63.50
2008.10.22 14:00:31.816,1.49825,1.4985,115.60,80.00
2008.10.22 14:00:32.406,1.49825,1.4985,145.80,79.80
2008.10.22 14:00:32.936,1.49825,1.4985,218.20,79.80
2008.10.22 14:00:33.226,1.49825,1.4985,261.80,79.80
2008.10.22 14:00:34.656,1.49825,1.4985,196.60,85.60
2008.10.22 14:00:35.005,1.49825,1.4985,232.00,118.20
2008.10.22 14:00:35.405,1.49825,1.4985,231.40,72.00
2008.10.22 14:00:35.705,1.4983,1.49855,95.60,82.50
2008.10.22 14:00:36.115,1.4983,1.49855,118.00,92.10
2008.10.22 14:00:36.705,1.4983,1.4985,116.10,64.80
2008.10.22 14:00:38.244,1.4982,1.4985,99.90,100.60
2008.10.22 14:00:38.474,1.4982,1.49835,77.10,83.00
2008.10.22 14:00:38.874,1.4982,1.4983,123.90,59.00
2008.10.22 14:00:39.234,1.49795,1.4983,141.20,113.20
2008.10.22 14:00:40.134,1.49795,1.4982,85.70,74.20
2008.10.22 14:00:40.494,1.498,1.4983,75.45,95.20
2008.10.22 14:00:41.154,1.498,1.49825,103.20,119.10
2008.10.22 14:00:41.544,1.498,1.4982,109.20,201.00
2008.10.22 14:00:41.953,1.498,1.49825,109.45,254.20
2008.10.22 14:00:42.624,1.49805,1.49825,116.10,241.10
2008.10.22 14:00:43.043,1.49805,1.4982,138.80,65.00
2008.10.22 14:00:44.323,1.49805,1.49825,77.70,56.70
2008.10.22 14:00:45.023,1.49815,1.49825,73.50,59.20
2008.10.22 14:00:45.423,1.49815,1.4983,96.50,88.40
2008.10.22 14:00:46.402,1.4982,1.49835,107.00,85.10
2008.10.22 14:00:47.312,1.4982,1.4985,129.40,133.70
2008.10.22 14:00:47.602,1.4982,1.4985,128.80,133.30
2008.10.22 14:00:47.952,1.4982,1.4985,125.60,131.80
2008.10.22 14:00:50.062,1.49825,1.4985,75.25,67.80
2008.10.22 14:00:50.362,1.49825,1.4985,108.70,79.70
2008.10.22 14:00:50.721,1.4982,1.4984,83.70,106.40
2008.10.22 14:00:51.121,1.4982,1.4983,109.50,132.80
2008.10.22 14:00:51.472,1.4981,1.4983,105.05,76.30
2008.10.22 14:00:52.411,1.4981,1.4982,122.30,94.80
2008.10.22 14:00:53.221,1.4981,1.4983,62.10,123.80
2008.10.22 14:00:53.501,1.4981,1.4982,58.50,90.10
2008.10.22 14:00:54.170,1.4981,1.4983,82.50,84.60
2008.10.22 14:00:54.500,1.4981,1.4982,57.00,68.40
2008.10.22 14:00:54.901,1.4981,1.4982,83.40,88.80
2008.10.22 14:00:55.300,1.4981,1.4982,67.90,56.30
2008.10.22 14:00:55.760,1.49805,1.4983,41.90,49.70
2008.10.22 14:00:56.220,1.49805,1.4983,78.30,78.60
2008.10.22 14:00:56.451,1.498,1.4983,100.45,105.50
2008.10.22 14:00:56.780,1.498,1.4983,100.85,128.70
2008.10.22 14:00:57.230,1.49815,1.4983,67.50,74.40
2008.10.22 14:00:57.580,1.49815,1.49835,53.30,83.50
2008.10.22 14:00:58.089,1.49805,1.49835,76.20,53.80
2008.10.22 14:00:58.429,1.49815,1.4985,81.90,93.40
2008.10.22 14:00:58.700,1.49815,1.4985,94.90,65.20
2008.10.22 14:00:59.089,1.49815,1.4985,124.90,69.00
2008.10.22 14:00:59.429,1.4982,1.4985,140.00,62.80
2008.10.22 14:00:59.839,1.4982,1.4985,175.90,84.60
2008.10.22 14:01:00.259,1.49825,1.4985,184.40,111.40
2008.10.22 14:01:00.669,1.49825,1.4985,215.30,77.00
2008.10.22 14:01:01.079,1.4982,1.49845,208.60,59.20
2008.10.22 14:01:01.369,1.4982,1.4984,94.30,96.20
2008.10.22 14:01:01.599,1.49815,1.49835,105.50,76.40
2008.10.22 14:01:01.829,1.4981,1.4983,105.90,84.40
2008.10.22 14:01:02.478,1.49805,1.4983,109.10,112.20
2008.10.22 14:01:02.818,1.49805,1.49825,117.90,120.30
2008.10.22 14:01:02.999,1.4981,1.49825,89.50,65.20
2008.10.22 14:01:03.388,1.49815,1.49825,105.10,68.40
2008.10.22 14:01:03.838,1.49815,1.4983,105.50,98.40
2008.10.22 14:01:04.458,1.4982,1.49845,86.90,85.70
2008.10.22 14:01:04.808,1.4982,1.4985,93.60,71.90
2008.10.22 14:01:05.658,1.4982,1.4985,196.10,165.00
2008.10.22 14:01:06.178,1.4982,1.49845,223.40,198.90
2008.10.22 14:01:06.568,1.4982,1.4984,243.90,91.50
2008.10.22 14:01:06.867,1.4982,1.4984,231.20,58.50
2008.10.22 14:01:07.257,1.4982,1.4983,90.20,102.80
2008.10.22 14:01:07.777,1.4982,1.49835,121.50,83.80
2008.10.22 14:01:09.607,1.4982,1.49845,84.50,68.50
2008.10.22 14:01:10.356,1.4982,1.4985,78.30,97.90
2008.10.22 14:01:10.577,1.4982,1.4985,78.40,101.10
2008.10.22 14:01:10.977,1.4982,1.4985,104.10,78.20
2008.10.22 14:01:11.206,1.4982,1.4985,132.60,106.10
2008.10.22 14:01:11.566,1.49825,1.49855,165.40,103.20
2008.10.22 14:01:11.926,1.49825,1.49855,76.00,70.60
2008.10.22 14:01:12.516,1.49825,1.49855,99.80,90.30
2008.10.22 14:01:13.096,1.49825,1.49855,122.10,85.00
2008.10.22 14:01:13.616,1.49825,1.49855,104.30,81.60
2008.10.22 14:01:13.956,1.49825,1.49855,112.50,73.00
2008.10.22 14:01:15.165,1.49825,1.4985,98.50,89.30
2008.10.22 14:01:15.455,1.4982,1.49845,118.50,97.90
2008.10.22 14:01:15.846,1.4982,1.49845,114.80,96.30
2008.10.22 14:01:16.025,1.4982,1.4985,64.10,72.20
2008.10.22 14:01:16.435,1.49825,1.49855,115.10,123.60
2008.10.22 14:01:16.965,1.49825,1.4985,125.20,60.80
2008.10.22 14:01:17.375,1.4982,1.4985,111.40,150.50
2008.10.22 14:01:17.715,1.49825,1.49855,88.50,54.30
2008.10.22 14:01:18.005,1.49825,1.49855,93.90,93.00
2008.10.22 14:01:20.214,1.49825,1.49855,88.40,113.60
2008.10.22 14:01:20.684,1.4982,1.4985,101.20,114.20
2008.10.22 14:01:20.804,1.49825,1.4985,69.10,75.50
2008.10.22 14:01:21.144,1.4982,1.4985,78.00,93.90
2008.10.22 14:01:21.494,1.4982,1.49845,78.10,98.00
2008.10.22 14:01:21.724,1.4982,1.49845,86.90,98.70
2008.10.22 14:01:22.184,1.4982,1.4984,134.90,76.70
2008.10.22 14:01:22.634,1.4982,1.4984,87.30,71.10
2008.10.22 14:01:22.984,1.4982,1.49845,82.90,69.50
2008.10.22 14:01:30.292,1.4982,1.4985,239.20,72.60
2008.10.22 14:01:30.702,1.4982,1.4985,236.80,81.00
2008.10.22 14:01:30.992,1.4982,1.4985,200.00,80.60
2008.10.22 14:01:31.172,1.4982,1.4984,230.30,132.80
2008.10.22 14:01:31.342,1.4981,1.4984,223.40,130.40
2008.10.22 14:01:31.682,1.4981,1.4984,269.40,74.10
2008.10.22 14:01:32.031,1.4982,1.49845,137.90,75.60
2008.10.22 14:01:32.831,1.4982,1.49845,118.40,85.60
2008.10.22 14:01:33.171,1.4982,1.4984,144.30,94.30
2008.10.22 14:01:34.141,1.4982,1.4984,171.30,114.30
2008.10.22 14:01:34.541,1.49815,1.49835,175.30,115.10
2008.10.22 14:01:35.131,1.4982,1.4984,285.20,109.00
2008.10.22 14:01:35.481,1.4983,1.49845,254.50,87.00
2008.10.22 14:01:35.771,1.49845,1.4986,42.20,55.60
2008.10.22 14:01:36.181,1.49845,1.49885,43.95,50.60
2008.10.22 14:01:36.410,1.49835,1.49875,113.50,107.20
2008.10.22 14:01:36.810,1.49845,1.49875,113.40,93.60
2008.10.22 14:01:37.170,1.4985,1.49885,58.00,57.80
2008.10.22 14:01:37.580,1.49835,1.49865,130.25,64.80
2008.10.22 14:01:38.040,1.49835,1.49865,118.00,73.60
2008.10.22 14:01:38.600,1.49835,1.49865,110.40,96.00
2008.10.22 14:01:38.830,1.49835,1.49865,93.30,131.20
2008.10.22 14:01:39.180,1.49835,1.49865,45.50,112.40
2008.10.22 14:01:39.850,1.49835,1.4986,89.90,112.50
2008.10.22 14:01:40.529,1.4983,1.4986,66.60,98.90
2008.10.22 14:01:41.109,1.49825,1.49845,96.40,103.30
2008.10.22 14:01:41.399,1.49825,1.49845,62.30,84.50
2008.10.22 14:01:41.679,1.49825,1.49845,60.30,77.90
2008.10.22 14:01:41.899,1.4981,1.49845,100.40,103.70
2008.10.22 14:01:42.299,1.4981,1.4984,110.00,81.90
2008.10.22 14:01:43.688,1.4981,1.4984,148.40,143.30
2008.10.22 14:01:44.358,1.4981,1.4984,189.90,164.50
2008.10.22 14:01:44.708,1.4981,1.4984,236.00,109.50
2008.10.22 14:01:45.538,1.49815,1.4984,191.90,111.30
2008.10.22 14:01:45.938,1.49815,1.4984,336.40,79.30
2008.10.22 14:01:46.118,1.4981,1.4984,343.60,88.50
2008.10.22 14:01:46.298,1.49815,1.4984,382.50,124.70
2008.10.22 14:01:46.898,1.49815,1.4984,392.70,132.70
2008.10.22 14:01:48.377,1.49815,1.49835,327.30,154.70
2008.10.22 14:01:48.497,1.498,1.4983,171.85,124.20
2008.10.22 14:01:48.827,1.498,1.4983,97.85,103.40
2008.10.22 14:01:51.037,1.49805,1.4983,119.70,91.90
2008.10.22 14:01:51.337,1.49805,1.4983,83.50,59.80
2008.10.22 14:01:51.667,1.4981,1.4983,117.50,84.20
2008.10.22 14:01:54.696,1.49805,1.4983,89.80,126.90
2008.10.22 14:01:55.426,1.49805,1.4983,101.60,159.00
2008.10.22 14:01:55.716,1.4981,1.4983,82.50,159.00
2008.10.22 14:01:56.125,1.4981,1.4983,106.40,184.10
2008.10.22 14:01:56.406,1.49815,1.4983,106.30,79.10
2008.10.22 14:01:56.696,1.49815,1.49835,96.40,55.80
2008.10.22 14:01:57.105,1.49825,1.4984,103.70,66.30
2008.10.22 14:01:57.385,1.4982,1.4984,102.10,122.70
2008.10.22 14:01:57.785,1.4982,1.4984,102.00,125.90
2008.10.22 14:01:58.355,1.49815,1.4984,143.60,181.30
2008.10.22 14:01:58.695,1.4981,1.4984,73.85,62.10
2008.10.22 14:01:59.205,1.4981,1.4984,98.00,105.30
2008.10.22 14:01:59.945,1.49825,1.4984,127.30,53.20
2008.10.22 14:02:00.345,1.4982,1.4984,191.40,61.10
2008.10.22 14:02:00.755,1.49825,1.4984,52.30,88.80
2008.10.22 14:02:01.195,1.49825,1.4984,77.90,119.20
2008.10.22 14:02:01.475,1.49825,1.4984,132.20,80.80
2008.10.22 14:02:01.874,1.49825,1.4985,210.60,79.30
2008.10.22 14:02:02.234,1.49825,1.4985,191.90,82.50
2008.10.22 14:02:02.584,1.4983,1.4985,226.40,86.50
2008.10.22 14:02:02.934,1.49825,1.4985,275.40,86.50
2008.10.22 14:02:03.164,1.4983,1.4985,253.10,78.50
2008.10.22 14:02:03.624,1.4982,1.4985,118.00,68.20
2008.10.22 14:02:04.424,1.4983,1.4985,112.50,83.20
2008.10.22 14:02:05.773,1.4983,1.4985,105.40,69.20
2008.10.22 14:02:06.013,1.4983,1.4985,105.50,65.30
2008.10.22 14:02:06.313,1.4982,1.4985,98.40,80.40
2008.10.22 14:02:06.533,1.4982,1.49845,129.35,59.20
2008.10.22 14:02:06.893,1.49815,1.49845,168.70,85.20
2008.10.22 14:02:07.583,1.49815,1.49845,162.40,84.20
2008.10.22 14:02:07.873,1.49815,1.49845,194.70,84.00
2008.10.22 14:02:08.662,1.49815,1.49845,258.60,135.00
2008.10.22 14:02:09.052,1.49815,1.4983,222.10,140.40
2008.10.22 14:02:09.392,1.4982,1.4983,88.00,92.70
2008.10.22 14:02:09.972,1.4982,1.4983,56.70,65.40
2008.10.22 14:02:10.242,1.4982,1.4983,102.90,93.20
2008.10.22 14:02:10.462,1.4982,1.4983,130.30,117.70
2008.10.22 14:02:10.852,1.4982,1.4983,57.20,145.20
2008.10.22 14:02:11.242,1.4982,1.4983,82.10,175.90
2008.10.22 14:02:11.592,1.4981,1.4983,97.20,202.10
2008.10.22 14:02:11.922,1.4981,1.49825,81.50,49.70
2008.10.22 14:02:12.332,1.4981,1.4983,132.00,97.80
2008.10.22 14:02:13.601,1.4981,1.49825,102.10,69.10
2008.10.22 14:02:13.921,1.49805,1.49825,138.60,61.10
2008.10.22 14:02:14.431,1.49805,1.4982,134.60,60.50
2008.10.22 14:02:18.490,1.4981,1.4982,88.60,65.60
2008.10.22 14:02:18.670,1.49815,1.4983,60.20,52.60
2008.10.22 14:02:19.020,1.49815,1.4984,85.30,132.00
2008.10.22 14:02:19.240,1.4981,1.49835,157.40,93.70
2008.10.22 14:02:19.590,1.4981,1.4983,164.40,164.10
2008.10.22 14:02:19.990,1.4981,1.4983,76.30,64.10
2008.10.22 14:02:20.330,1.4982,1.4983,66.90,71.60
2008.10.22 14:02:20.770,1.49815,1.49845,103.15,53.80
2008.10.22 14:02:21.239,1.49815,1.4984,86.20,76.10
2008.10.22 14:02:21.709,1.49815,1.49845,152.70,77.20
2008.10.22 14:02:21.999,1.49815,1.4984,176.80,49.40
2008.10.22 14:02:22.419,1.49815,1.4984,253.40,75.10
2008.10.22 14:02:22.659,1.49815,1.4983,128.00,101.70
2008.10.22 14:02:22.940,1.49815,1.4982,138.80,56.40
2008.10.22 14:02:23.179,1.49805,1.4982,60.60,75.60
2008.10.22 14:02:23.529,1.4981,1.4983,68.00,99.80
2008.10.22 14:02:23.999,1.4981,1.4983,102.60,129.30
2008.10.22 14:02:24.469,1.4981,1.49825,160.20,98.10
2008.10.22 14:02:24.869,1.49805,1.49825,107.60,102.50
2008.10.22 14:02:25.329,1.498,1.4982,126.30,134.60
2008.10.22 14:02:25.889,1.49805,1.4982,85.80,80.90
2008.10.22 14:02:26.309,1.49805,1.4982,116.10,44.80
2008.10.22 14:02:26.719,1.49805,1.4982,118.70,55.60
2008.10.22 14:02:27.018,1.49805,1.4982,83.40,70.10
2008.10.22 14:02:27.398,1.49805,1.4982,120.70,84.00
2008.10.22 14:02:27.868,1.498,1.4982,89.30,132.30
2008.10.22 14:02:28.228,1.498,1.49815,81.50,62.50
2008.10.22 14:02:28.738,1.498,1.4982,63.30,73.80
2008.10.22 14:02:29.028,1.498,1.49805,92.20,88.80
2008.10.22 14:02:29.488,1.498,1.49805,91.55,60.30
2008.10.22 14:02:30.028,1.49785,1.498,43.20,50.60
2008.10.22 14:02:30.427,1.498,1.49825,48.45,43.90
2008.10.22 14:02:30.717,1.49795,1.49835,74.00,73.20
2008.10.22 14:02:31.127,1.4979,1.49825,76.70,60.70
2008.10.22 14:02:31.577,1.49795,1.4981,84.20,60.50
2008.10.22 14:02:31.937,1.49795,1.49805,61.40,84.10
2008.10.22 14:02:32.387,1.49805,1.4981,55.80,84.20
2008.10.22 14:02:32.667,1.49805,1.4981,91.20,43.40
2008.10.22 14:02:33.067,1.49805,1.4981,113.60,52.00
2008.10.22 14:02:33.477,1.49815,1.4985,97.00,63.60
2008.10.22 14:02:33.997,1.49815,1.4987,40.60,39.70
2008.10.22 14:02:34.336,1.49825,1.4986,99.80,64.30
2008.10.22 14:02:34.916,1.49825,1.49855,131.30,126.50
2008.10.22 14:02:36.226,1.49825,1.49855,127.20,169.40
2008.10.22 14:02:36.916,1.4983,1.4986,158.50,76.80
2008.10.22 14:02:37.856,1.4983,1.4986,163.30,76.00
2008.10.22 14:02:38.195,1.4983,1.4986,46.40,76.00
2008.10.22 14:02:38.415,1.49835,1.4986,53.70,76.80
2008.10.22 14:02:38.695,1.49835,1.49855,81.70,92.80
2008.10.22 14:02:39.146,1.4983,1.49855,111.80,110.40
2008.10.22 14:02:39.376,1.4983,1.49855,110.70,136.80
2008.10.22 14:02:40.225,1.49835,1.49855,166.90,106.80
2008.10.22 14:02:40.745,1.49845,1.49855,202.90,57.40
2008.10.22 14:02:41.035,1.49845,1.4986,76.30,92.30
2008.10.22 14:02:42.484,1.49845,1.4986,68.50,58.10
2008.10.22 14:02:42.704,1.4984,1.4986,75.60,54.90
2008.10.22 14:02:42.934,1.4984,1.4986,80.20,58.10
2008.10.22 14:02:43.324,1.4984,1.49855,80.20,58.00
2008.10.22 14:02:43.734,1.4984,1.4986,135.40,90.10
2008.10.22 14:02:44.084,1.49835,1.49855,58.30,98.00
2008.10.22 14:02:44.984,1.49835,1.49855,65.30,149.20
2008.10.22 14:02:45.484,1.49835,1.49855,98.40,139.40
2008.10.22 14:02:45.783,1.4984,1.49855,82.10,192.50
2008.10.22 14:02:46.284,1.49835,1.4986,100.40,215.70
2008.10.22 14:02:46.633,1.4984,1.4986,73.10,166.70
2008.10.22 14:02:46.983,1.4984,1.49865,114.70,59.00
2008.10.22 14:02:47.394,1.49835,1.49865,100.90,73.40
2008.10.22 14:02:47.853,1.49845,1.49865,114.80,103.80
2008.10.22 14:02:48.193,1.49845,1.4988,89.10,85.20
2008.10.22 14:02:48.543,1.4986,1.4989,202.90,79.60
2008.10.22 14:02:48.993,1.4987,1.49895,75.50,84.60
2008.10.22 14:02:49.333,1.4987,1.4989,76.90,71.00
2008.10.22 14:02:49.793,1.49865,1.49895,140.00,119.90
2008.10.22 14:02:50.303,1.49865,1.49895,164.40,122.40
2008.10.22 14:02:50.653,1.49865,1.49895,180.00,165.20
2008.10.22 14:02:50.952,1.49865,1.49895,163.00,192.40
2008.10.22 14:02:51.352,1.49865,1.49895,70.60,123.40
2008.10.22 14:02:51.682,1.49865,1.4989,49.50,71.50
2008.10.22 14:02:52.212,1.4986,1.4989,93.60,109.40
2008.10.22 14:02:52.562,1.4986,1.4989,140.30,85.20
2008.10.22 14:02:52.912,1.49855,1.4989,166.50,98.40
2008.10.22 14:02:53.242,1.4985,1.49865,154.80,91.60
2008.10.22 14:02:53.582,1.4985,1.49865,92.80,60.90
2008.10.22 14:02:54.122,1.49835,1.4986,99.60,70.70
2008.10.22 14:02:54.821,1.4982,1.49835,75.30,60.80
2008.10.22 14:02:55.211,1.49835,1.49855,100.60,91.20
2008.10.22 14:02:55.611,1.49835,1.49865,67.00,103.30
2008.10.22 14:02:55.901,1.4984,1.49865,78.70,75.10
2008.10.22 14:02:56.351,1.49865,1.49875,92.50,125.50
2008.10.22 14:02:56.681,1.4985,1.49885,36.10,37.60
2008.10.22 14:02:57.081,1.4985,1.49885,87.60,93.60
2008.10.22 14:02:57.541,1.49855,1.49875,91.80,89.80
2008.10.22 14:02:58.001,1.4986,1.4988,58.00,58.70
2008.10.22 14:02:58.290,1.49865,1.4988,54.90,49.50
2008.10.22 14:02:58.520,1.49875,1.4989,79.50,57.10
2008.10.22 14:02:59.210,1.4987,1.4988,47.40,85.20
2008.10.22 14:02:59.560,1.49875,1.4989,92.30,167.70
2008.10.22 14:02:59.920,1.49875,1.4989,66.90,173.40
2008.10.22 14:03:00.310,1.4988,1.4989,71.40,183.00
2008.10.22 14:03:00.670,1.4988,1.4989,84.10,89.00
2008.10.22 14:03:01.020,1.4988,1.49895,58.60,68.40
2008.10.22 14:03:01.310,1.4988,1.49895,76.20,86.20
2008.10.22 14:03:01.550,1.49875,1.4989,64.20,98.00
2008.10.22 14:03:01.880,1.4988,1.49895,81.80,69.00
2008.10.22 14:03:02.410,1.4988,1.49895,48.80,45.00
2008.10.22 14:03:02.820,1.4987,1.4989,104.70,62.40
2008.10.22 14:03:03.179,1.4987,1.4989,58.10,137.60
2008.10.22 14:03:03.529,1.4987,1.4988,79.70,72.60
2008.10.22 14:03:03.869,1.4986,1.4987,58.10,60.80
2008.10.22 14:03:04.049,1.49865,1.49875,84.00,86.60
2008.10.22 14:03:04.599,1.49865,1.4988,90.30,57.10
2008.10.22 14:03:04.889,1.4985,1.49865,103.30,90.40
2008.10.22 14:03:05.219,1.49855,1.49865,105.30,115.20
2008.10.22 14:03:05.989,1.49855,1.4986,88.30,120.00
2008.10.22 14:03:06.219,1.4987,1.49885,69.90,93.80
2008.10.22 14:03:06.628,1.4986,1.49885,41.70,42.40
2008.10.22 14:03:06.988,1.49885,1.499,47.20,37.10
2008.10.22 14:03:07.438,1.49885,1.4991,142.40,100.80
2008.10.22 14:03:07.778,1.4991,1.49935,63.00,109.80
2008.10.22 14:03:08.068,1.49915,1.49935,64.10,82.70
2008.10.22 14:03:08.598,1.4991,1.49935,72.60,102.60
2008.10.22 14:03:09.158,1.49925,1.4993,103.70,57.50
2008.10.22 14:03:09.498,1.49935,1.4995,87.10,120.80
2008.10.22 14:03:10.508,1.49925,1.4993,130.90,63.90
2008.10.22 14:03:10.847,1.49945,1.49955,39.70,52.60
2008.10.22 14:03:11.518,1.4994,1.49955,96.40,71.20
2008.10.22 14:03:12.197,1.4994,1.4996,108.30,83.70
2008.10.22 14:03:12.657,1.49955,1.4996,67.80,56.40
2008.10.22 14:03:13.007,1.49945,1.4996,36.40,40.30
2008.10.22 14:03:13.237,1.49945,1.4996,94.00,64.40
2008.10.22 14:03:13.637,1.4995,1.4996,114.10,66.00
2008.10.22 14:03:13.977,1.4996,1.4998,136.30,94.00
2008.10.22 14:03:14.317,1.49955,1.4996,230.90,92.00
2008.10.22 14:03:14.836,1.49955,1.4996,231.80,95.20
2008.10.22 14:03:15.307,1.49955,1.49975,41.30,51.50
2008.10.22 14:03:15.666,1.4995,1.4997,73.60,62.10
2008.10.22 14:03:16.126,1.49945,1.49955,75.00,60.90
2008.10.22 14:03:16.486,1.4995,1.49955,103.10,96.50
2008.10.22 14:03:16.786,1.49945,1.4997,109.40,77.10
2008.10.22 14:03:17.126,1.49945,1.49965,158.30,107.50
2008.10.22 14:03:17.526,1.49945,1.49965,145.30,124.10
2008.10.22 14:03:17.876,1.4994,1.4996,90.40,81.60
2008.10.22 14:03:18.056,1.49935,1.4996,82.10,61.00
2008.10.22 14:03:18.726,1.4993,1.4996,93.75,84.70
2008.10.22 14:03:19.075,1.49935,1.4996,86.10,68.20
2008.10.22 14:03:19.655,1.4994,1.4996,142.90,92.90
2008.10.22 14:03:19.995,1.4993,1.4996,144.65,66.70
2008.10.22 14:03:20.486,1.4993,1.4996,100.60,113.00
2008.10.22 14:03:20.955,1.4993,1.4996,82.60,157.00
2008.10.22 14:03:21.305,1.4993,1.4995,62.90,81.00
2008.10.22 14:03:21.545,1.4993,1.4994,72.00,50.60
2008.10.22 14:03:21.895,1.4993,1.4994,118.50,89.80
2008.10.22 14:03:22.225,1.4993,1.4994,82.60,98.90
2008.10.22 14:03:22.585,1.4993,1.4994,80.60,163.30
2008.10.22 14:03:23.174,1.49915,1.49935,47.50,45.00
2008.10.22 14:03:23.455,1.49915,1.4994,39.10,34.20
2008.10.22 14:03:23.914,1.4989,1.49915,40.30,40.80
2008.10.22 14:03:24.304,1.49855,1.499,89.90,89.80
2008.10.22 14:03:24.604,1.49855,1.49885,78.50,51.40
2008.10.22 14:03:25.074,1.4985,1.4987,107.50,63.30
2008.10.22 14:03:25.414,1.4986,1.4988,187.30,118.40
2008.10.22 14:03:25.884,1.4986,1.49875,109.60,105.40
2008.10.22 14:03:26.284,1.4986,1.49865,100.20,141.70
2008.10.22 14:03:26.514,1.498,1.49855,44.70,46.20
2008.10.22 14:03:26.744,1.498,1.49855,44.70,50.80
2008.10.22 14:03:27.094,1.498,1.49855,93.30,92.90
2008.10.22 14:03:27.613,1.4982,1.4985,80.60,72.90
2008.10.22 14:03:28.033,1.4982,1.4985,96.30,107.90
2008.10.22 14:03:28.373,1.49825,1.49855,97.50,53.60
2008.10.22 14:03:28.903,1.49825,1.4986,124.40,108.10
2008.10.22 14:03:29.203,1.4985,1.49875,79.40,102.50
2008.10.22 14:03:29.543,1.49855,1.49875,136.70,110.60
2008.10.22 14:03:29.874,1.49855,1.49885,111.10,73.00
2008.10.22 14:03:30.323,1.4986,1.4989,101.90,128.30
2008.10.22 14:03:30.663,1.49855,1.4989,88.00,100.90
2008.10.22 14:03:30.963,1.49855,1.4988,85.60,83.70
2008.10.22 14:03:31.362,1.49855,1.4988,84.00,91.30
2008.10.22 14:03:31.713,1.4985,1.4987,117.60,158.20
2008.10.22 14:03:32.073,1.49845,1.4987,102.50,82.10
2008.10.22 14:03:32.432,1.4986,1.4988,106.20,64.60
2008.10.22 14:03:32.842,1.4985,1.49885,76.80,83.60
2008.10.22 14:03:33.242,1.49845,1.49875,101.40,62.60
2008.10.22 14:03:33.592,1.49855,1.49875,133.95,106.00
2008.10.22 14:03:33.892,1.49845,1.49865,70.70,88.40
2008.10.22 14:03:34.752,1.4984,1.49855,149.50,87.80
2008.10.22 14:03:35.092,1.4984,1.49845,144.40,87.80
2008.10.22 14:03:35.451,1.49835,1.49845,85.00,60.10
2008.10.22 14:03:35.962,1.49835,1.49855,87.20,58.00
2008.10.22 14:03:36.322,1.4983,1.49855,86.20,70.70
2008.10.22 14:03:36.681,1.4983,1.4985,87.40,78.90
2008.10.22 14:03:37.531,1.49845,1.49865,107.60,179.60
2008.10.22 14:03:37.821,1.4984,1.49865,98.00,127.70
2008.10.22 14:03:38.501,1.4984,1.4987,151.50,99.60
2008.10.22 14:03:39.911,1.49845,1.4987,151.30,108.60
2008.10.22 14:03:40.480,1.49845,1.4987,217.50,172.40
2008.10.22 14:03:40.830,1.4985,1.4987,200.60,69.00
2008.10.22 14:03:41.290,1.4986,1.4987,132.90,91.20
2008.10.22 14:03:42.130,1.4986,1.4987,84.00,120.00
2008.10.22 14:03:42.870,1.49855,1.4987,62.20,129.50
2008.10.22 14:03:43.260,1.4986,1.4987,49.30,130.50
2008.10.22 14:03:43.610,1.4986,1.4987,62.20,64.00
2008.10.22 14:03:43.890,1.49855,1.4987,98.10,120.00
2008.10.22 14:03:49.248,1.4986,1.4987,93.40,120.60
2008.10.22 14:03:51.128,1.4987,1.4988,58.10,139.50
2008.10.22 14:03:51.868,1.49865,1.4987,66.90,67.40
2008.10.22 14:03:52.607,1.4987,1.4988,95.60,103.60
2008.10.22 14:03:53.008,1.4987,1.4991,48.05,43.00
2008.10.22 14:03:53.187,1.49885,1.4992,49.75,39.50
2008.10.22 14:03:53.427,1.49875,1.49915,43.70,38.40
2008.10.22 14:03:54.567,1.4988,1.49895,75.00,57.80
2008.10.22 14:03:54.967,1.49875,1.4989,60.70,102.70
2008.10.22 14:03:55.477,1.49875,1.4989,57.60,126.70
2008.10.22 14:03:55.827,1.4987,1.4989,70.80,126.70
2008.10.22 14:03:56.118,1.4988,1.4989,79.30,174.70
2008.10.22 14:03:56.516,1.4987,1.49895,65.00,193.40
2008.10.22 14:03:56.966,1.4987,1.4989,52.80,197.10
2008.10.22 14:03:57.246,1.4987,1.4989,57.60,70.00
2008.10.22 14:03:57.536,1.4987,1.49875,73.10,73.00
2008.10.22 14:03:57.826,1.49845,1.4987,74.70,98.90
2008.10.22 14:03:58.106,1.4984,1.49865,91.10,75.00
2008.10.22 14:03:58.456,1.4984,1.49865,66.20,94.40
2008.10.22 14:03:58.636,1.49835,1.49865,54.70,136.00
2008.10.22 14:03:59.096,1.49835,1.49865,84.40,51.80
2008.10.22 14:03:59.566,1.49835,1.4986,138.80,85.10
2008.10.22 14:03:59.956,1.49835,1.4986,63.90,62.10
2008.10.22 14:04:00.705,1.49835,1.4986,81.30,89.90
2008.10.22 14:04:01.315,1.49835,1.49865,126.40,87.20
2008.10.22 14:04:01.775,1.4983,1.4986,126.50,112.30
2008.10.22 14:04:02.065,1.49835,1.4986,70.90,128.30
2008.10.22 14:04:02.945,1.49835,1.4986,92.70,95.10
2008.10.22 14:04:03.185,1.49835,1.49865,90.20,90.60
2008.10.22 14:04:03.475,1.49835,1.49865,90.70,91.00
2008.10.22 14:04:03.715,1.49845,1.49865,55.10,55.80
2008.10.22 14:04:05.314,1.49855,1.49865,93.80,142.60
2008.10.22 14:04:05.784,1.49845,1.49865,100.05,140.60
2008.10.22 14:04:05.964,1.49845,1.49865,98.25,140.60
2008.10.22 14:04:06.144,1.49845,1.49865,106.20,100.60
2008.10.22 14:04:06.434,1.49845,1.49865,149.90,124.60
2008.10.22 14:04:06.664,1.49845,1.49865,89.60,87.00
2008.10.22 14:04:07.014,1.4984,1.4986,105.00,133.40
2008.10.22 14:04:07.424,1.4984,1.4987,145.70,210.90
2008.10.22 14:04:07.894,1.49845,1.4986,73.00,64.70
2008.10.22 14:04:08.963,1.4984,1.4986,120.00,81.30
2008.10.22 14:04:09.244,1.4984,1.4986,119.40,81.30
2008.10.22 14:04:09.544,1.4984,1.4986,121.00,79.20
2008.10.22 14:04:10.003,1.4985,1.4987,112.80,116.70
2008.10.22 14:04:10.413,1.49855,1.4987,81.80,70.50
2008.10.22 14:04:10.703,1.49855,1.4987,97.40,65.10
2008.10.22 14:04:11.043,1.4986,1.49875,92.70,86.70
2008.10.22 14:04:17.951,1.49855,1.4988,75.90,133.30
2008.10.22 14:04:18.181,1.49855,1.4988,82.20,94.50
2008.10.22 14:04:18.471,1.4986,1.49875,72.30,71.40
2008.10.22 14:04:21.381,1.4986,1.49865,99.10,114.00
2008.10.22 14:04:21.950,1.4985,1.4986,108.30,110.20
2008.10.22 14:04:22.410,1.4985,1.49865,86.20,83.50
2008.10.22 14:04:23.001,1.4985,1.4987,80.00,54.90
2008.10.22 14:04:23.460,1.4986,1.49875,94.40,84.00
2008.10.22 14:04:26.079,1.4986,1.4988,102.40,124.60
2008.10.22 14:04:26.469,1.4986,1.49875,153.60,129.70
2008.10.22 14:04:26.759,1.4985,1.4988,113.20,101.70
2008.10.22 14:04:27.099,1.4985,1.49865,111.50,79.20
2008.10.22 14:04:27.389,1.49845,1.49865,93.20,84.80
2008.10.22 14:04:27.749,1.4984,1.49865,100.80,64.10
2008.10.22 14:04:28.209,1.49835,1.4986,111.50,64.10
2008.10.22 14:04:28.549,1.49825,1.49855,98.70,63.20
2008.10.22 14:04:28.849,1.49825,1.49855,123.60,85.80
2008.10.22 14:04:29.239,1.49825,1.49845,77.30,61.40
2008.10.22 14:04:30.218,1.49825,1.49845,90.40,116.90
2008.10.22 14:04:30.598,1.4982,1.4984,99.70,104.30
2008.10.22 14:04:30.958,1.4982,1.4984,95.50,83.10
2008.10.22 14:04:31.698,1.4982,1.4984,100.50,98.80
2008.10.22 14:04:32.388,1.4982,1.49835,98.40,86.50
2008.10.22 14:04:33.778,1.4982,1.49835,98.40,99.70
2008.10.22 14:04:34.187,1.4982,1.4983,56.80,72.80
2008.10.22 14:04:34.517,1.4981,1.4983,75.35,78.50
2008.10.22 14:04:34.857,1.4981,1.49825,115.65,67.50
2008.10.22 14:04:35.207,1.4981,1.49825,76.90,59.70
2008.10.22 14:04:35.727,1.4981,1.4983,91.50,138.70
2008.10.22 14:04:36.247,1.4981,1.49815,89.45,73.40
2008.10.22 14:04:36.917,1.4981,1.4982,114.50,91.30
2008.10.22 14:04:37.967,1.4982,1.4983,91.80,70.40
2008.10.22 14:04:38.306,1.4982,1.49825,83.40,70.00
2008.10.22 14:04:38.606,1.4981,1.49815,90.60,77.70
2008.10.22 14:04:38.946,1.49815,1.4983,79.00,119.60
2008.10.22 14:04:39.406,1.4981,1.4983,75.20,74.00
2008.10.22 14:04:39.816,1.4981,1.49815,104.20,68.00
2008.10.22 14:04:40.286,1.498,1.49815,77.90,119.80
2008.10.22 14:04:40.996,1.4979,1.49805,87.90,108.00
2008.10.22 14:04:41.236,1.49785,1.49805,59.10,111.20
2008.10.22 14:04:41.466,1.4979,1.49805,81.50,62.40
2008.10.22 14:04:42.155,1.4979,1.49805,80.80,69.90
2008.10.22 14:04:42.785,1.49785,1.49805,65.50,100.30
2008.10.22 14:04:43.015,1.4978,1.49805,61.65,100.30
2008.10.22 14:04:43.185,1.4978,1.49795,61.30,69.40
2008.10.22 14:04:43.465,1.4978,1.49795,77.25,96.40
2008.10.22 14:04:43.755,1.4978,1.498,79.20,92.50
2008.10.22 14:04:44.465,1.4978,1.498,114.80,126.50
2008.10.22 14:04:44.785,1.4978,1.4979,92.10,105.30
2008.10.22 14:04:45.185,1.4979,1.49795,102.30,112.00
2008.10.22 14:04:45.705,1.4978,1.4979,67.40,69.30
2008.10.22 14:04:45.875,1.4978,1.4979,72.30,102.10
2008.10.22 14:04:46.215,1.49785,1.4979,80.70,92.60
2008.10.22 14:04:46.575,1.4979,1.498,87.80,91.20
2008.10.22 14:04:47.124,1.49775,1.4979,41.50,50.10
2008.10.22 14:04:47.464,1.4978,1.4979,126.60,95.80
2008.10.22 14:04:47.754,1.4978,1.49795,114.50,88.30
2008.10.22 14:04:47.994,1.4977,1.49785,79.80,65.90
2008.10.22 14:04:48.284,1.49765,1.4978,118.90,96.00
2008.10.22 14:04:48.704,1.4976,1.4978,84.50,87.00
2008.10.22 14:04:48.994,1.4977,1.4978,96.60,122.30
2008.10.22 14:04:49.994,1.4977,1.49785,91.20,165.00
2008.10.22 14:04:50.343,1.4977,1.49785,108.80,156.40
2008.10.22 14:04:52.803,1.4977,1.4979,105.30,88.10
2008.10.22 14:04:53.093,1.4977,1.4979,83.50,55.00
2008.10.22 14:04:53.453,1.4977,1.4979,106.60,79.00
2008.10.22 14:04:53.783,1.4977,1.4979,125.00,87.50
2008.10.22 14:04:54.013,1.4977,1.4979,111.00,151.80
2008.10.22 14:04:55.122,1.4977,1.4979,115.35,142.30
2008.10.22 14:04:55.452,1.4977,1.4979,71.65,199.40
2008.10.22 14:04:58.062,1.4977,1.4979,90.10,167.80
2008.10.22 14:05:00.731,1.4977,1.4979,80.80,90.40
2008.10.22 14:05:01.141,1.4977,1.4979,94.40,87.50
2008.10.22 14:05:01.971,1.4977,1.4979,96.50,83.50
2008.10.22 14:05:02.311,1.4977,1.4979,78.80,80.90
2008.10.22 14:05:04.020,1.4976,1.49785,117.60,180.60
2008.10.22 14:05:04.260,1.49755,1.49785,58.05,73.40
2008.10.22 14:05:04.660,1.49755,1.49785,62.05,90.60
2008.10.22 14:05:05.000,1.49755,1.49785,62.85,122.40
2008.10.22 14:05:05.440,1.49755,1.49785,73.25,124.30
2008.10.22 14:05:05.770,1.4975,1.49775,79.00,90.60
2008.10.22 14:05:06.180,1.4975,1.4977,76.00,97.80
2008.10.22 14:05:06.600,1.4975,1.4976,85.60,60.40
2008.10.22 14:05:07.039,1.49745,1.4976,123.20,59.90
2008.10.22 14:05:07.380,1.4974,1.4977,117.00,93.70
2008.10.22 14:05:07.730,1.4974,1.4977,121.00,155.40
2008.10.22 14:05:08.079,1.4974,1.49765,143.25,117.10
2008.10.22 14:05:09.059,1.4974,1.49755,110.00,84.10
2008.10.22 14:05:09.819,1.4974,1.4977,103.00,108.80
2008.10.22 14:05:10.519,1.4975,1.49775,87.70,87.30
2008.10.22 14:05:10.869,1.4976,1.49775,58.30,92.70
2008.10.22 14:05:11.738,1.4976,1.49765,66.80,102.80
2008.10.22 14:05:12.028,1.4975,1.4977,67.00,82.20
2008.10.22 14:05:12.438,1.4975,1.4977,90.50,120.40
2008.10.22 14:05:12.778,1.4975,1.4978,113.90,110.20
2008.10.22 14:05:13.178,1.4975,1.4978,105.60,89.90
2008.10.22 14:05:13.528,1.49755,1.49785,77.30,78.40
2008.10.22 14:05:13.828,1.49755,1.49775,75.60,90.40
2008.10.22 14:05:15.957,1.4976,1.49785,93.90,90.00
2008.10.22 14:05:16.228,1.4977,1.49785,87.30,59.00
2008.10.22 14:05:16.638,1.4977,1.4979,85.60,61.50
2008.10.22 14:05:16.937,1.4977,1.4979,81.60,71.70
2008.10.22 14:05:17.417,1.4977,1.4979,119.30,88.70
2008.10.22 14:05:17.927,1.4977,1.4979,80.50,101.60
2008.10.22 14:05:18.337,1.4976,1.4978,75.30,57.60
2008.10.22 14:05:18.727,1.4977,1.4978,66.50,53.60
2008.10.22 14:05:19.127,1.4977,1.4979,81.20,86.10
2008.10.22 14:05:19.647,1.4977,1.49785,58.50,87.80
2008.10.22 14:05:19.986,1.4977,1.4979,77.00,57.90
2008.10.22 14:05:20.676,1.49775,1.4979,90.40,80.90
2008.10.22 14:05:21.026,1.49785,1.49805,107.20,99.60
2008.10.22 14:05:21.436,1.49785,1.49815,133.80,76.40
2008.10.22 14:05:21.796,1.498,1.49825,80.40,94.80
2008.10.22 14:05:22.636,1.49805,1.4983,58.00,76.40
2008.10.22 14:05:22.996,1.49825,1.4983,60.70,82.30
2008.10.22 14:05:23.286,1.49825,1.49855,77.70,82.30
2008.10.22 14:05:23.696,1.49835,1.49865,68.10,103.20
2008.10.22 14:05:23.935,1.49845,1.49875,51.60,75.40
2008.10.22 14:05:24.436,1.49845,1.49875,48.40,68.60
2008.10.22 14:05:24.835,1.49845,1.49875,57.10,72.80
2008.10.22 14:05:25.185,1.4983,1.4985,82.10,59.80
2008.10.22 14:05:25.585,1.4982,1.4985,84.20,58.50
2008.10.22 14:05:25.985,1.49815,1.4985,92.40,111.60
2008.10.22 14:05:26.265,1.49825,1.4984,94.40,72.20
2008.10.22 14:05:26.625,1.49815,1.4984,159.20,55.50
2008.10.22 14:05:26.925,1.4982,1.4984,186.80,53.10
2008.10.22 14:05:27.505,1.4982,1.4984,113.70,67.30
2008.10.22 14:05:27.745,1.4983,1.49845,100.80,118.00
2008.10.22 14:05:28.024,1.4983,1.49845,76.50,110.60
2008.10.22 14:05:28.425,1.4982,1.4984,84.20,87.50
2008.10.22 14:05:28.944,1.4982,1.49835,48.00,58.20
2008.10.22 14:05:29.284,1.49815,1.4982,86.80,55.40
2008.10.22 14:05:29.794,1.498,1.49835,152.20,83.20
2008.10.22 14:05:30.194,1.498,1.4983,80.70,118.10
2008.10.22 14:05:30.594,1.498,1.49825,124.70,227.30
2008.10.22 14:05:31.104,1.49805,1.4983,99.10,207.90
2008.10.22 14:05:31.404,1.49805,1.4983,123.50,223.90
2008.10.22 14:05:31.753,1.49805,1.49825,141.70,123.40
2008.10.22 14:05:32.203,1.49805,1.49815,110.00,57.00
2008.10.22 14:05:32.613,1.49805,1.4983,67.70,56.50
2008.10.22 14:05:33.093,1.49805,1.49835,73.50,84.00
2008.10.22 14:05:33.563,1.498,1.4982,79.70,63.00
2008.10.22 14:05:33.853,1.49815,1.4982,90.80,172.50
2008.10.22 14:05:34.173,1.49815,1.49825,91.30,102.60
2008.10.22 14:05:34.673,1.49805,1.4983,120.10,72.80
2008.10.22 14:05:34.963,1.4979,1.4982,92.70,104.50
2008.10.22 14:05:35.413,1.4979,1.4983,63.00,155.00
2008.10.22 14:05:35.963,1.49795,1.49815,59.70,113.80
2008.10.22 14:05:36.582,1.4979,1.49815,91.90,134.20
2008.10.22 14:05:36.862,1.49795,1.49815,100.30,137.00
2008.10.22 14:05:37.032,1.4979,1.49815,129.60,137.00
2008.10.22 14:05:37.442,1.4979,1.49815,131.70,140.20
2008.10.22 14:05:38.242,1.49795,1.49815,109.20,187.80
2008.10.22 14:05:39.152,1.49795,1.49815,104.50,224.40
2008.10.22 14:05:40.061,1.49795,1.4982,129.20,275.70
2008.10.22 14:05:40.641,1.498,1.4982,128.30,268.50
2008.10.22 14:05:41.031,1.49805,1.4983,71.70,55.70
2008.10.22 14:05:41.891,1.49805,1.4983,111.80,92.50
2008.10.22 14:05:42.351,1.49805,1.49825,54.30,66.40
2008.10.22 14:05:42.871,1.49795,1.4981,56.00,63.20
2008.10.22 14:05:43.111,1.4979,1.4981,90.20,66.80
2008.10.22 14:05:43.471,1.49795,1.4982,59.80,82.60
2008.10.22 14:05:43.881,1.49795,1.4982,101.80,82.90
2008.10.22 14:05:44.461,1.4979,1.49795,87.75,83.90
2008.10.22 14:05:45.210,1.498,1.4981,110.30,121.10
2008.10.22 14:05:45.720,1.498,1.4981,202.00,88.50
2008.10.22 14:05:46.290,1.4981,1.4983,110.60,153.70
2008.10.22 14:05:46.680,1.4981,1.4983,133.80,91.70
2008.10.22 14:05:47.560,1.49815,1.4983,161.10,123.60
2008.10.22 14:05:47.960,1.49805,1.4981,206.00,90.60
2008.10.22 14:05:48.470,1.49815,1.49835,42.70,45.20
2008.10.22 14:05:48.819,1.4982,1.49835,129.20,107.40
2008.10.22 14:05:49.119,1.4981,1.49835,90.50,122.70
2008.10.22 14:05:49.350,1.4981,1.49835,43.40,74.90
2008.10.22 14:05:49.579,1.4981,1.4983,78.90,93.90
2008.10.22 14:05:49.969,1.4981,1.4983,91.70,120.90
2008.10.22 14:05:50.499,1.4981,1.49835,94.90,118.80
2008.10.22 14:05:50.959,1.4981,1.4984,128.20,167.60
2008.10.22 14:05:53.078,1.4981,1.49835,125.00,129.90
2008.10.22 14:05:53.428,1.4981,1.49835,125.00,134.20
2008.10.22 14:05:53.658,1.4981,1.49835,98.70,160.00
2008.10.22 14:05:54.118,1.4981,1.49825,128.30,182.40
2008.10.22 14:05:54.458,1.4981,1.49825,58.80,88.60
2008.10.22 14:05:54.938,1.4981,1.49825,57.20,90.20
2008.10.22 14:05:55.408,1.49795,1.4981,80.10,102.00
2008.10.22 14:05:55.958,1.4979,1.4981,61.90,87.30
2008.10.22 14:05:56.298,1.4978,1.4981,139.15,89.90
2008.10.22 14:05:56.578,1.4979,1.4981,175.70,89.90
2008.10.22 14:05:56.858,1.4978,1.4981,75.60,108.00
2008.10.22 14:05:57.207,1.4978,1.498,106.60,66.20
2008.10.22 14:05:57.837,1.4978,1.498,95.60,67.70
2008.10.22 14:05:59.617,1.4978,1.4979,85.40,140.20
2008.10.22 14:06:01.127,1.49785,1.4979,163.70,81.50
2008.10.22 14:06:01.237,1.49785,1.49795,62.70,65.30
2008.10.22 14:06:01.687,1.49785,1.49795,63.40,101.10
2008.10.22 14:06:02.436,1.4978,1.49795,65.10,81.90
2008.10.22 14:06:02.846,1.49785,1.49795,68.50,69.10
2008.10.22 14:06:03.186,1.4978,1.49805,68.60,76.70
2008.10.22 14:06:03.526,1.4977,1.498,105.40,91.10
2008.10.22 14:06:03.756,1.4977,1.498,105.30,104.80
2008.10.22 14:06:04.116,1.4977,1.498,80.40,129.80
2008.10.22 14:06:04.786,1.49775,1.498,68.25,141.80
2008.10.22 14:06:05.555,1.49775,1.498,86.90,80.90
2008.10.22 14:06:06.325,1.49785,1.498,90.30,87.30
2008.10.22 14:06:06.605,1.4979,1.498,79.00,98.30
2008.10.22 14:06:07.065,1.4979,1.49805,90.20,87.50
2008.10.22 14:06:08.365,1.4979,1.498,93.50,96.80
2008.10.22 14:06:08.765,1.49785,1.49805,92.20,89.50
2008.10.22 14:06:09.104,1.4979,1.49805,72.60,64.70
2008.10.22 14:06:10.004,1.4978,1.49805,95.20,120.70
2008.10.22 14:06:10.354,1.4979,1.498,93.40,121.60
2008.10.22 14:06:10.634,1.4979,1.4981,115.30,151.60
2008.10.22 14:06:10.864,1.4979,1.4981,159.10,86.50
2008.10.22 14:06:11.344,1.498,1.4981,61.80,61.20
2008.10.22 14:06:11.524,1.498,1.49815,74.20,94.50
2008.10.22 14:06:11.924,1.498,1.49815,93.60,73.90
2008.10.22 14:06:12.164,1.4979,1.49815,121.70,87.70
2008.10.22 14:06:12.384,1.4979,1.49815,110.80,91.30
2008.10.22 14:06:13.234,1.4979,1.49815,91.20,102.00
2008.10.22 14:06:13.644,1.4979,1.4981,94.20,79.50
2008.10.22 14:06:13.873,1.4979,1.4981,94.20,82.10
2008.10.22 14:06:14.294,1.4979,1.4981,86.65,56.50
2008.10.22 14:06:14.693,1.49785,1.4981,103.40,61.90
2008.10.22 14:06:15.173,1.49785,1.4981,121.90,84.90
2008.10.22 14:06:15.633,1.49785,1.49795,89.20,94.00
2008.10.22 14:06:16.033,1.4978,1.49805,78.90,150.30
2008.10.22 14:06:16.423,1.49775,1.498,61.60,72.40
2008.10.22 14:06:16.833,1.49775,1.49785,114.70,80.00
2008.10.22 14:06:17.352,1.4977,1.49795,75.30,81.30
2008.10.22 14:06:17.632,1.49775,1.49795,50.40,49.00
2008.10.22 14:06:18.042,1.49775,1.49805,60.20,59.40
2008.10.22 14:06:18.502,1.49775,1.49805,77.25,74.40
2008.10.22 14:06:20.632,1.4978,1.49805,88.90,103.40
2008.10.22 14:06:20.991,1.49775,1.49805,74.70,103.40
2008.10.22 14:06:25.001,1.4978,1.49805,55.70,224.40
2008.10.22 14:06:25.521,1.49795,1.49805,63.10,155.20
2008.10.22 14:06:26.111,1.49785,1.4982,99.90,100.40
2008.10.22 14:06:26.391,1.49785,1.4982,83.60,111.60
2008.10.22 14:06:26.750,1.4979,1.49815,77.60,84.80
2008.10.22 14:06:26.970,1.49785,1.49815,85.50,88.40
2008.10.22 14:06:27.210,1.498,1.49815,87.00,135.20
2008.10.22 14:06:27.900,1.498,1.49815,122.10,123.40
2008.10.22 14:06:28.190,1.4979,1.49815,104.60,76.60
2008.10.22 14:06:28.640,1.49785,1.49815,103.60,75.80
2008.10.22 14:06:29.430,1.49785,1.49815,103.00,67.80
2008.10.22 14:06:29.869,1.49785,1.49815,89.80,69.80
2008.10.22 14:06:30.429,1.49785,1.4981,85.85,97.00
2008.10.22 14:06:31.109,1.4979,1.49815,112.70,123.00
2008.10.22 14:06:32.129,1.4979,1.49815,168.70,152.60
2008.10.22 14:06:33.919,1.4979,1.4981,158.70,137.20
2008.10.22 14:06:34.199,1.49785,1.4981,169.55,158.00
2008.10.22 14:06:34.438,1.4978,1.4981,76.60,258.00
2008.10.22 14:06:35.748,1.49785,1.49815,86.90,120.80
2008.10.22 14:06:38.757,1.4979,1.49815,135.10,133.80
2008.10.22 14:06:44.446,1.49785,1.49815,128.05,42.80
2008.10.22 14:06:44.796,1.4979,1.49815,136.50,42.80
2008.10.22 14:06:45.376,1.4979,1.49815,136.50,44.00
2008.10.22 14:06:45.676,1.49785,1.49815,96.70,93.80
2008.10.22 14:06:46.435,1.49785,1.49815,97.25,44.80
2008.10.22 14:06:46.735,1.49785,1.49815,94.05,62.40
2008.10.22 14:06:47.675,1.49785,1.49815,133.25,72.60
2008.10.22 14:06:48.695,1.49785,1.4981,77.00,90.20
2008.10.22 14:06:48.935,1.49785,1.4981,81.00,91.90
2008.10.22 14:06:49.335,1.4978,1.49805,79.80,65.00
2008.10.22 14:06:49.785,1.4978,1.4981,116.60,77.80
2008.10.22 14:06:50.255,1.49795,1.49805,82.50,144.80
2008.10.22 14:06:50.655,1.49785,1.498,83.40,197.90
2008.10.22 14:06:50.995,1.4977,1.49805,53.30,66.60
2008.10.22 14:06:51.444,1.49775,1.498,60.15,52.60
2008.10.22 14:06:52.244,1.49775,1.4979,162.60,122.00
2008.10.22 14:06:52.584,1.49775,1.49785,188.40,55.80
2008.10.22 14:06:52.934,1.49775,1.498,193.00,124.40
2008.10.22 14:06:53.344,1.49775,1.498,261.70,51.00
2008.10.22 14:06:53.634,1.49775,1.498,233.70,123.00
2008.10.22 14:06:54.204,1.4977,1.49795,51.90,65.10
2008.10.22 14:06:54.494,1.4976,1.49785,72.25,88.20
2008.10.22 14:06:54.824,1.4976,1.49785,89.90,58.50
2008.10.22 14:06:55.273,1.4976,1.49775,115.20,55.90
2008.10.22 14:06:55.733,1.49755,1.49775,68.10,76.50
2008.10.22 14:06:55.913,1.4975,1.49775,80.60,61.40
2008.10.22 14:06:56.633,1.4975,1.49775,76.90,60.80
2008.10.22 14:06:56.973,1.49755,1.49775,81.10,57.60
2008.10.22 14:06:57.943,1.4975,1.49775,68.15,102.40
2008.10.22 14:06:58.063,1.4976,1.49775,75.70,101.60
2008.10.22 14:06:58.343,1.4976,1.4978,77.30,72.20
2008.10.22 14:06:58.583,1.4976,1.4978,82.20,74.10
2008.10.22 14:06:58.923,1.49765,1.4978,65.40,111.30
2008.10.22 14:06:59.213,1.4977,1.4978,72.00,86.10
2008.10.22 14:07:02.352,1.4977,1.4978,180.30,69.90
2008.10.22 14:07:03.192,1.4977,1.4978,223.20,73.20
2008.10.22 14:07:03.711,1.49785,1.49815,53.85,46.80
2008.10.22 14:07:04.061,1.4978,1.4981,52.70,50.30
2008.10.22 14:07:04.341,1.4978,1.4982,95.60,93.20
2008.10.22 14:07:04.681,1.49785,1.4981,104.80,111.40
2008.10.22 14:07:05.031,1.49785,1.4981,173.60,92.90
2008.10.22 14:07:05.891,1.49785,1.49815,91.00,116.60
2008.10.22 14:07:06.470,1.49785,1.4981,145.10,114.90
2008.10.22 14:07:06.761,1.49785,1.4981,145.10,114.40
2008.10.22 14:07:07.381,1.49785,1.4981,140.60,160.20
2008.10.22 14:07:07.790,1.49785,1.4981,150.70,67.10
2008.10.22 14:07:08.540,1.49785,1.4981,162.70,134.00
2008.10.22 14:07:09.280,1.49785,1.49815,181.00,133.40
2008.10.22 14:07:09.750,1.49785,1.49815,106.00,99.00
2008.10.22 14:07:10.140,1.49795,1.49815,149.20,117.60
2008.10.22 14:07:10.600,1.49785,1.4981,154.10,96.70
2008.10.22 14:07:11.010,1.4978,1.498,98.20,161.00
2008.10.22 14:07:11.479,1.4978,1.498,89.00,70.60
2008.10.22 14:07:11.879,1.49785,1.4981,79.50,115.10
2008.10.22 14:07:12.869,1.4979,1.4981,87.10,66.50
2008.10.22 14:07:14.099,1.4979,1.4981,104.70,95.00
2008.10.22 14:07:14.719,1.498,1.4981,101.20,130.70
2008.10.22 14:07:15.049,1.4979,1.4981,66.50,104.90
2008.10.22 14:07:15.388,1.4979,1.4981,140.10,120.10
2008.10.22 14:07:15.729,1.498,1.4981,185.50,119.30
2008.10.22 14:07:17.078,1.498,1.4981,110.00,118.20
2008.10.22 14:07:17.948,1.498,1.4982,43.20,45.20
2008.10.22 14:07:18.408,1.498,1.4982,115.40,91.70
2008.10.22 14:07:20.867,1.498,1.4982,150.70,245.60
2008.10.22 14:07:21.217,1.498,1.4982,175.70,194.50
2008.10.22 14:07:21.677,1.498,1.4982,147.80,224.30
2008.10.22 14:07:22.017,1.498,1.4982,103.80,123.10
2008.10.22 14:07:22.527,1.498,1.4982,107.00,118.90
2008.10.22 14:07:25.676,1.49805,1.4982,156.20,142.30
2008.10.22 14:07:26.196,1.498,1.4982,221.20,172.10
2008.10.22 14:07:26.716,1.498,1.4982,172.60,179.30
2008.10.22 14:07:27.386,1.498,1.4982,159.60,204.90
2008.10.22 14:07:27.855,1.498,1.4982,202.60,214.50
2008.10.22 14:07:28.135,1.4979,1.49815,126.60,133.40
2008.10.22 14:07:28.366,1.4979,1.49815,74.50,110.40
2008.10.22 14:07:28.965,1.4979,1.49815,74.50,111.80
2008.10.22 14:07:29.765,1.4979,1.49815,94.50,119.80
2008.10.22 14:07:30.005,1.4979,1.49815,123.70,141.40
2008.10.22 14:07:30.355,1.4979,1.49815,161.90,165.40
2008.10.22 14:07:30.715,1.498,1.49815,176.90,128.60
2008.10.22 14:07:31.185,1.498,1.4982,183.80,178.00
2008.10.22 14:07:31.704,1.498,1.4982,88.20,82.00
2008.10.22 14:07:33.035,1.4981,1.4982,100.40,115.30
2008.10.22 14:07:33.374,1.498,1.4982,147.00,67.30
2008.10.22 14:07:35.494,1.4979,1.49815,211.60,106.20
2008.10.22 14:07:35.884,1.4979,1.49815,107.50,88.60
2008.10.22 14:07:36.374,1.498,1.49815,135.50,117.40
2008.10.22 14:07:36.714,1.4979,1.49815,141.50,128.60
2008.10.22 14:07:37.563,1.49795,1.49815,120.20,178.40
2008.10.22 14:07:38.383,1.4979,1.49815,99.05,103.20
2008.10.22 14:07:38.733,1.4979,1.49815,120.05,147.60
2008.10.22 14:07:39.263,1.498,1.49815,177.80,85.60
2008.10.22 14:07:39.663,1.49795,1.49815,101.70,105.40
2008.10.22 14:07:39.963,1.4979,1.49815,107.80,109.40
2008.10.22 14:07:40.193,1.49795,1.49815,116.70,157.40
2008.10.22 14:07:40.702,1.49795,1.49815,126.50,171.80
2008.10.22 14:07:41.392,1.498,1.49815,182.40,182.20
2008.10.22 14:07:41.862,1.4979,1.49815,217.80,182.20
2008.10.22 14:07:42.282,1.49795,1.49815,64.40,84.60
2008.10.22 14:07:42.682,1.4979,1.49815,123.85,121.40
2008.10.22 14:07:43.022,1.4979,1.49815,129.80,123.00
2008.10.22 14:07:43.432,1.49805,1.49815,80.00,149.00
2008.10.22 14:07:43.832,1.49815,1.4983,101.00,94.80
2008.10.22 14:07:44.442,1.4982,1.49835,99.80,97.00
2008.10.22 14:07:47.971,1.4982,1.49835,129.60,126.20
2008.10.22 14:07:51.690,1.49815,1.49835,94.40,191.80
2008.10.22 14:07:52.010,1.49815,1.49835,98.80,191.80
2008.10.22 14:07:52.409,1.4981,1.49835,85.80,95.20
2008.10.22 14:07:52.690,1.49805,1.4983,85.50,117.10
2008.10.22 14:07:53.020,1.49805,1.49815,57.60,46.40
2008.10.22 14:07:53.589,1.4979,1.498,55.70,63.10
2008.10.22 14:07:53.929,1.4978,1.49795,61.50,62.70
2008.10.22 14:07:54.429,1.49775,1.4979,60.80,62.70
2008.10.22 14:07:54.669,1.49775,1.498,72.60,97.30
2008.10.22 14:07:54.889,1.49775,1.498,101.45,116.10
2008.10.22 14:07:55.249,1.4978,1.498,76.10,141.50
2008.10.22 14:07:55.649,1.4978,1.498,109.70,168.90
2008.10.22 14:07:55.989,1.4978,1.49795,76.30,67.40
2008.10.22 14:07:56.279,1.49775,1.4979,107.40,64.30
2008.10.22 14:07:56.689,1.49775,1.4979,75.70,53.10
2008.10.22 14:07:56.909,1.4978,1.4979,90.40,56.30
2008.10.22 14:07:57.149,1.49775,1.49795,88.80,57.40
2008.10.22 14:07:57.559,1.4978,1.49795,66.40,63.80
2008.10.22 14:07:57.848,1.49775,1.49795,85.50,83.00
2008.10.22 14:07:58.838,1.4978,1.49795,59.10,103.80
2008.10.22 14:07:59.268,1.49785,1.498,90.20,130.40
2008.10.22 14:08:00.368,1.4978,1.498,135.20,63.10
2008.10.22 14:08:00.658,1.4979,1.49805,70.90,67.00
2008.10.22 14:08:01.577,1.4979,1.49795,55.10,65.10
2008.10.22 14:08:02.317,1.49775,1.49795,66.10,105.40
2008.10.22 14:08:02.497,1.49775,1.4979,66.10,57.90
2008.10.22 14:08:03.307,1.4978,1.4979,119.80,97.90
2008.10.22 14:08:04.017,1.4977,1.4979,131.60,105.90
2008.10.22 14:08:04.457,1.4977,1.4979,86.50,161.90
2008.10.22 14:08:04.807,1.4977,1.4979,64.80,178.70
2008.10.22 14:08:05.217,1.4977,1.4979,83.90,178.70
2008.10.22 14:08:05.506,1.4977,1.49795,93.60,154.60
2008.10.22 14:08:05.886,1.4977,1.498,136.30,155.00
2008.10.22 14:08:06.236,1.49775,1.49805,68.90,71.60
2008.10.22 14:08:06.966,1.4978,1.49805,105.20,85.80
2008.10.22 14:08:07.246,1.4978,1.49805,95.60,78.20
2008.10.22 14:08:07.896,1.4978,1.49805,69.40,92.60
2008.10.22 14:08:08.236,1.4978,1.49805,69.60,92.60
2008.10.22 14:08:08.876,1.4978,1.49805,100.90,88.60
2008.10.22 14:08:09.226,1.49775,1.49785,118.70,106.60
2008.10.22 14:08:09.625,1.49765,1.49805,101.30,208.90
2008.10.22 14:08:09.915,1.4977,1.49805,140.90,89.90
2008.10.22 14:08:10.385,1.49775,1.49805,154.70,40.00
2008.10.22 14:08:11.085,1.49775,1.49805,303.70,123.60
2008.10.22 14:08:11.485,1.49775,1.49805,325.30,188.40
2008.10.22 14:08:12.355,1.49775,1.498,100.35,105.60
2008.10.22 14:08:12.875,1.4977,1.49795,132.35,86.20
2008.10.22 14:08:13.045,1.4977,1.49795,149.95,85.40
2008.10.22 14:08:13.734,1.4977,1.49795,146.25,113.40
2008.10.22 14:08:14.264,1.4977,1.49795,112.15,137.40
2008.10.22 14:08:14.884,1.49765,1.49795,149.95,156.60
2008.10.22 14:08:15.234,1.4977,1.49795,169.70,155.80
2008.10.22 14:08:15.644,1.4977,1.49795,197.80,183.00
2008.10.22 14:08:15.984,1.4977,1.49795,222.80,254.20
2008.10.22 14:08:16.654,1.49775,1.49795,226.50,277.40
2008.10.22 14:08:17.004,1.4978,1.49795,270.90,323.00
2008.10.22 14:08:17.304,1.4978,1.49795,278.80,318.20
2008.10.22 14:08:18.253,1.4978,1.498,85.30,387.20
2008.10.22 14:08:18.773,1.4978,1.498,61.60,113.30
2008.10.22 14:08:19.063,1.4978,1.49795,61.60,111.80
2008.10.22 14:08:20.133,1.4978,1.4979,52.00,111.30
2008.10.22 14:08:20.823,1.4978,1.49795,50.40,135.80
2008.10.22 14:08:21.223,1.4977,1.498,100.20,154.50
2008.10.22 14:08:21.613,1.4977,1.49795,111.40,128.60
2008.10.22 14:08:21.852,1.4978,1.4979,68.10,167.30
2008.10.22 14:08:22.262,1.4978,1.498,75.00,58.50
2008.10.22 14:08:24.502,1.4978,1.498,106.90,98.40
2008.10.22 14:08:25.372,1.4977,1.4979,107.40,104.90
2008.10.22 14:08:25.951,1.4977,1.49795,61.80,72.40
2008.10.22 14:08:26.182,1.49775,1.49795,51.70,72.40
2008.10.22 14:08:27.871,1.4977,1.49795,89.50,75.80
2008.10.22 14:08:29.131,1.4978,1.49795,111.40,116.60
2008.10.22 14:08:29.731,1.49775,1.49795,215.20,147.00
2008.10.22 14:08:30.150,1.4978,1.49795,256.80,201.40
2008.10.22 14:08:30.471,1.4977,1.49795,269.75,201.40
2008.10.22 14:08:30.990,1.4978,1.49795,76.00,225.40
2008.10.22 14:08:31.330,1.4978,1.49795,104.00,254.20
2008.10.22 14:08:33.690,1.49795,1.498,101.80,302.50
2008.10.22 14:08:33.810,1.498,1.4982,82.50,85.70
2008.10.22 14:08:34.159,1.4979,1.4981,75.50,53.00
2008.10.22 14:08:34.499,1.4979,1.4981,77.90,53.00
2008.10.22 14:08:34.679,1.49785,1.49815,90.40,80.30
2008.10.22 14:08:34.859,1.49785,1.49805,106.40,75.40
2008.10.22 14:08:36.279,1.49785,1.49805,159.30,104.40
2008.10.22 14:08:36.809,1.4978,1.49805,148.00,125.20
2008.10.22 14:08:37.039,1.4978,1.49805,143.30,125.20
2008.10.22 14:08:37.839,1.4978,1.498,94.80,91.30
2008.10.22 14:08:38.358,1.4978,1.49805,74.60,53.40
2008.10.22 14:08:38.589,1.4978,1.498,110.00,79.70
2008.10.22 14:08:38.988,1.49785,1.498,145.70,101.20
2008.10.22 14:08:39.278,1.49785,1.498,75.40,132.00
2008.10.22 14:08:39.788,1.49785,1.498,97.10,90.80
2008.10.22 14:08:40.368,1.49785,1.498,69.30,134.70
2008.10.22 14:08:40.728,1.4978,1.4979,122.60,190.40
2008.10.22 14:08:41.128,1.4977,1.4979,105.20,83.50
2008.10.22 14:08:41.368,1.4977,1.4979,65.80,65.70
2008.10.22 14:08:42.568,1.49775,1.4979,63.10,144.20
2008.10.22 14:08:42.857,1.49775,1.4979,70.60,154.20
2008.10.22 14:08:43.137,1.49775,1.4979,64.50,121.70
2008.10.22 14:08:46.067,1.49765,1.4979,188.50,166.10
2008.10.22 14:08:47.836,1.4977,1.4979,176.10,87.30
2008.10.22 14:08:48.066,1.49765,1.4979,228.50,119.30
2008.10.22 14:08:48.396,1.49765,1.4979,214.30,124.10
2008.10.22 14:08:48.966,1.4977,1.4979,216.90,216.00
2008.10.22 14:08:49.306,1.4976,1.4979,269.75,172.90
2008.10.22 14:08:49.776,1.4977,1.4979,216.10,173.70
2008.10.22 14:08:50.066,1.4976,1.4979,339.75,101.20
2008.10.22 14:08:50.536,1.49775,1.4979,273.00,69.30
2008.10.22 14:08:51.055,1.49765,1.4979,418.10,96.10
2008.10.22 14:08:51.455,1.49765,1.4979,417.90,96.10
2008.10.22 14:08:51.865,1.4977,1.4979,333.70,71.30
2008.10.22 14:08:52.555,1.49775,1.4979,375.40,123.90
2008.10.22 14:08:52.845,1.4977,1.4979,370.40,124.90
2008.10.22 14:08:54.005,1.49775,1.4979,398.50,123.90
2008.10.22 14:08:54.584,1.49775,1.4979,353.60,155.90
2008.10.22 14:08:55.744,1.4978,1.498,341.50,131.40
2008.10.22 14:08:56.154,1.4978,1.49795,97.60,164.60
2008.10.22 14:08:56.894,1.4978,1.498,88.00,90.50
2008.10.22 14:08:57.304,1.49785,1.498,119.40,91.60
2008.10.22 14:08:59.783,1.4978,1.498,133.60,100.10
2008.10.22 14:09:00.483,1.49785,1.498,75.20,133.70
2008.10.22 14:09:01.403,1.4978,1.498,109.30,182.50
2008.10.22 14:09:02.043,1.4978,1.498,90.50,209.70
2008.10.22 14:09:02.433,1.4978,1.498,97.60,211.30
2008.10.22 14:09:03.412,1.4978,1.498,102.10,202.50
2008.10.22 14:09:05.142,1.4978,1.498,69.70,254.50
2008.10.22 14:09:05.712,1.4978,1.498,75.20,262.50
2008.10.22 14:09:09.681,1.4978,1.498,179.30,262.50
2008.10.22 14:09:10.081,1.49775,1.49805,143.60,255.40
2008.10.22 14:09:10.601,1.4978,1.4981,95.20,73.20
2008.10.22 14:09:10.960,1.4978,1.4981,76.40,117.20
2008.10.22 14:09:11.311,1.4978,1.4981,66.20,87.50
2008.10.22 14:09:11.661,1.4978,1.4981,67.30,111.10
2008.10.22 14:09:12.340,1.4978,1.4981,80.20,109.10
2008.10.22 14:09:13.090,1.4978,1.4981,104.20,131.50
2008.10.22 14:09:13.430,1.4978,1.4981,176.70,140.30
2008.10.22 14:09:13.720,1.4978,1.4981,144.90,141.90
2008.10.22 14:09:14.180,1.4978,1.4981,175.80,142.40
2008.10.22 14:09:14.400,1.4978,1.4981,164.35,167.50
2008.10.22 14:09:14.690,1.4978,1.4981,179.50,175.40
2008.10.22 14:09:14.910,1.4978,1.4981,196.40,175.40
2008.10.22 14:09:15.140,1.4978,1.4981,207.60,178.40
2008.10.22 14:09:15.500,1.4978,1.4981,105.20,204.00
2008.10.22 14:09:15.849,1.4978,1.4981,130.50,244.80
2008.10.22 14:09:16.189,1.4978,1.4981,122.50,250.00
2008.10.22 14:09:17.169,1.4978,1.49805,120.50,251.80
2008.10.22 14:09:17.389,1.4978,1.498,120.50,249.20
2008.10.22 14:09:17.909,1.4977,1.498,113.65,111.60
2008.10.22 14:09:18.539,1.4977,1.498,227.00,127.20
2008.10.22 14:09:19.119,1.4977,1.4979,89.00,136.10
2008.10.22 14:09:19.759,1.4977,1.498,93.00,148.60
2008.10.22 14:09:20.158,1.4978,1.498,102.90,143.00
2008.10.22 14:09:20.808,1.4978,1.49805,123.70,84.60
2008.10.22 14:09:21.788,1.4978,1.498,93.45,60.80
2008.10.22 14:09:22.258,1.4978,1.498,85.55,57.90
2008.10.22 14:09:22.778,1.4978,1.49805,124.40,75.40
2008.10.22 14:09:23.128,1.4978,1.498,117.30,57.40
2008.10.22 14:09:23.518,1.4978,1.49805,88.50,122.90
2008.10.22 14:09:26.267,1.4978,1.498,82.90,121.20
2008.10.22 14:09:26.657,1.4978,1.498,108.50,156.90
2008.10.22 14:09:26.827,1.4978,1.49805,96.75,195.30
2008.10.22 14:09:27.457,1.4978,1.498,106.75,158.80
2008.10.22 14:09:27.687,1.4978,1.498,106.50,160.40
2008.10.22 14:09:28.716,1.4978,1.498,59.70,211.70
2008.10.22 14:09:29.356,1.4978,1.498,68.75,234.10
2008.10.22 14:09:29.596,1.4978,1.49805,83.95,265.30
2008.10.22 14:09:31.246,1.4978,1.4981,99.55,111.20
2008.10.22 14:09:31.476,1.4978,1.4981,141.30,140.00
2008.10.22 14:09:31.926,1.4978,1.4981,115.30,82.70
2008.10.22 14:09:32.155,1.4979,1.4981,145.50,79.60
2008.10.22 14:09:32.506,1.4978,1.4981,83.10,73.00
2008.10.22 14:09:33.016,1.49785,1.49815,128.90,107.60
2008.10.22 14:09:33.615,1.49785,1.4981,114.80,89.40
2008.10.22 14:09:33.965,1.49795,1.49815,122.60,60.90
2008.10.22 14:09:34.535,1.49795,1.49815,63.80,63.70
2008.10.22 14:09:34.945,1.4979,1.498,91.00,77.60
2008.10.22 14:09:35.355,1.49765,1.498,64.00,132.40
2008.10.22 14:09:35.685,1.49765,1.498,69.50,78.40
2008.10.22 14:09:35.975,1.4977,1.498,67.70,75.60
2008.10.22 14:09:36.495,1.4979,1.498,69.90,94.40
2008.10.22 14:09:36.795,1.49785,1.4981,64.90,100.70
2008.10.22 14:09:37.034,1.49775,1.4981,144.50,64.60
2008.10.22 14:09:37.264,1.49775,1.4981,116.00,64.80
2008.10.22 14:09:37.504,1.4978,1.4981,156.00,92.80
2008.10.22 14:09:37.794,1.4978,1.4981,156.10,109.60
2008.10.22 14:09:38.154,1.49795,1.4981,162.70,108.60
2008.10.22 14:09:38.724,1.49795,1.4981,189.30,116.50
2008.10.22 14:09:38.904,1.49785,1.49805,256.00,138.00
2008.10.22 14:09:39.124,1.4978,1.4981,240.50,211.00
2008.10.22 14:09:39.484,1.4978,1.4981,314.10,213.00
2008.10.22 14:09:39.774,1.4978,1.498,275.80,196.20
2008.10.22 14:09:40.174,1.4978,1.49805,279.10,234.90
2008.10.22 14:09:41.443,1.4978,1.498,238.50,147.60
2008.10.22 14:09:41.903,1.4978,1.498,121.50,78.80
2008.10.22 14:09:42.303,1.4978,1.4979,137.90,98.80
2008.10.22 14:09:42.823,1.4978,1.498,155.60,147.30
2008.10.22 14:09:43.163,1.4978,1.498,194.70,185.10
2008.10.22 14:09:43.743,1.4978,1.498,149.60,184.80
2008.10.22 14:09:44.503,1.4978,1.49795,184.70,180.30
2008.10.22 14:09:45.772,1.4979,1.498,145.95,94.20
2008.10.22 14:09:46.182,1.4979,1.498,75.85,75.00
2008.10.22 14:09:46.942,1.4978,1.498,110.80,70.60
2008.10.22 14:09:47.282,1.4978,1.498,107.15,69.60
2008.10.22 14:09:47.522,1.4978,1.498,116.80,118.50
2008.10.22 14:09:48.481,1.49795,1.498,100.80,180.50
2008.10.22 14:09:50.051,1.49795,1.498,141.50,70.70
2008.10.22 14:09:50.451,1.49795,1.498,188.60,182.50
2008.10.22 14:09:51.201,1.498,1.49815,218.00,173.40
2008.10.22 14:09:51.491,1.49795,1.498,210.30,164.20
2008.10.22 14:09:51.661,1.49795,1.498,69.00,69.00
2008.10.22 14:09:51.891,1.498,1.4982,70.20,86.10
2008.10.22 14:09:56.050,1.49795,1.498,109.60,234.20
2008.10.22 14:09:56.380,1.498,1.4982,104.40,298.50
2008.10.22 14:09:57.999,1.498,1.49835,46.40,51.20
2008.10.22 14:09:58.359,1.49805,1.49835,51.85,49.60
2008.10.22 14:09:59.399,1.49805,1.49815,130.00,82.50
2008.10.22 14:09:59.799,1.49805,1.49825,148.10,77.30
2008.10.22 14:10:00.189,1.49805,1.4983,137.70,80.30
2008.10.22 14:10:01.009,1.49805,1.49835,202.30,109.50
2008.10.22 14:10:01.298,1.49805,1.4982,163.10,47.00
2008.10.22 14:10:01.528,1.4979,1.49815,93.40,66.60
2008.10.22 14:10:01.868,1.49795,1.49815,83.10,115.80
2008.10.22 14:10:02.048,1.49795,1.4982,91.10,119.90
2008.10.22 14:10:02.408,1.4979,1.4981,114.10,133.90
2008.10.22 14:10:02.588,1.4979,1.49815,118.10,129.00
2008.10.22 14:10:02.998,1.498,1.4983,140.70,97.40
2008.10.22 14:10:03.398,1.498,1.4983,135.00,103.00
2008.10.22 14:10:03.678,1.49795,1.49825,173.80,100.60
2008.10.22 14:10:05.048,1.4981,1.4983,182.50,153.30
2008.10.22 14:10:05.387,1.4981,1.4984,176.50,134.20
2008.10.22 14:10:05.797,1.4981,1.4984,179.40,104.10
2008.10.22 14:10:06.697,1.4982,1.4984,172.70,152.10
2008.10.22 14:10:07.048,1.4981,1.49825,189.70,82.00
2008.10.22 14:10:07.507,1.4981,1.4982,247.10,78.10
2008.10.22 14:10:07.857,1.4981,1.49815,89.40,91.80
2008.10.22 14:10:10.326,1.4981,1.49815,82.20,89.60
2008.10.22 14:10:12.386,1.4981,1.4982,92.80,147.00
2008.10.22 14:10:12.616,1.4981,1.4982,129.60,151.00
2008.10.22 14:10:12.906,1.4981,1.4982,89.40,126.50
2008.10.22 14:10:17.635,1.49795,1.49805,45.05,50.40
2008.10.22 14:10:18.334,1.49785,1.49805,96.80,74.90
2008.10.22 14:10:18.634,1.4978,1.49805,74.45,104.90
2008.10.22 14:10:18.984,1.4978,1.498,71.50,128.40
2008.10.22 14:10:19.454,1.4979,1.49805,89.50,86.60
2008.10.22 14:10:19.684,1.498,1.49805,92.00,90.70
2008.10.22 14:10:20.124,1.498,1.4981,118.80,99.50
2008.10.22 14:10:20.694,1.498,1.49835,142.60,145.60
2008.10.22 14:10:21.084,1.498,1.49835,98.30,181.60
2008.10.22 14:10:21.534,1.4979,1.49825,69.20,70.70
2008.10.22 14:10:21.884,1.4979,1.4982,76.75,59.70
2008.10.22 14:10:22.293,1.4979,1.49815,64.80,64.80
2008.10.22 14:10:22.463,1.498,1.49815,83.70,96.20
2008.10.22 14:10:22.813,1.498,1.4982,54.00,106.10
2008.10.22 14:10:23.163,1.498,1.4982,96.80,119.30
2008.10.22 14:10:23.513,1.49785,1.49815,122.60,89.20
2008.10.22 14:10:23.843,1.49785,1.49815,131.00,103.60
2008.10.22 14:10:24.133,1.49785,1.49815,85.40,111.00
2008.10.22 14:10:24.483,1.49785,1.49815,123.40,134.20
2008.10.22 14:10:24.873,1.49785,1.49805,112.20,93.60
2008.10.22 14:10:25.223,1.4978,1.4981,139.60,111.00
2008.10.22 14:10:25.673,1.4978,1.4981,144.80,134.20
2008.10.22 14:10:26.023,1.4978,1.4981,158.80,135.40
2008.10.22 14:10:26.312,1.4978,1.4981,157.20,137.00
2008.10.22 14:10:26.722,1.49795,1.4981,127.70,137.90
2008.10.22 14:10:27.003,1.49795,1.49815,118.20,62.00
2008.10.22 14:10:27.182,1.4978,1.4981,102.95,59.00
2008.10.22 14:10:27.352,1.49775,1.4981,98.55,59.00
2008.10.22 14:10:27.752,1.4978,1.4981,67.95,112.60
2008.10.22 14:10:28.332,1.4978,1.4981,64.75,104.20
2008.10.22 14:10:28.722,1.4978,1.4981,94.75,143.40
2008.10.22 14:10:29.002,1.49795,1.4981,90.20,153.10
2008.10.22 14:10:29.222,1.4979,1.4982,62.00,86.00
2008.10.22 14:10:29.562,1.49785,1.4981,60.20,65.80
2008.10.22 14:10:30.012,1.49795,1.4981,78.10,57.80
2008.10.22 14:10:30.451,1.4978,1.4981,134.90,88.20
2008.10.22 14:10:30.951,1.4978,1.4981,94.50,119.40
2008.10.22 14:10:31.171,1.49795,1.4981,136.60,179.10
2008.10.22 14:10:31.461,1.49795,1.4982,58.70,86.20
2008.10.22 14:10:31.871,1.498,1.49825,93.80,73.00
2008.10.22 14:10:33.071,1.49795,1.49815,162.90,103.80
2008.10.22 14:10:33.481,1.49785,1.49815,213.40,68.60
2008.10.22 14:10:33.871,1.49795,1.49815,54.90,92.60
2008.10.22 14:10:34.281,1.49805,1.49815,99.70,150.00
2008.10.22 14:10:34.620,1.4982,1.49855,49.90,41.10
2008.10.22 14:10:34.860,1.4981,1.49855,43.00,48.60
2008.10.22 14:10:35.150,1.49805,1.4985,84.80,90.20
2008.10.22 14:10:35.450,1.4981,1.4986,84.50,64.60
2008.10.22 14:10:35.860,1.49825,1.4985,124.70,106.50
2008.10.22 14:10:36.210,1.49825,1.4985,121.80,88.00
2008.10.22 14:10:37.060,1.49825,1.49845,63.90,64.40
2008.10.22 14:10:37.410,1.49815,1.49845,94.30,77.00
2008.10.22 14:10:37.920,1.4981,1.4984,97.60,87.50
2008.10.22 14:10:38.150,1.4981,1.4984,102.90,86.60
2008.10.22 14:10:38.949,1.4982,1.4984,118.70,138.60
2008.10.22 14:10:39.429,1.4982,1.4984,152.10,92.30
2008.10.22 14:10:39.720,1.49835,1.49865,151.10,149.70
2008.10.22 14:10:40.419,1.49835,1.49865,87.40,86.70
2008.10.22 14:10:40.819,1.49835,1.4986,79.00,77.10
2008.10.22 14:10:41.159,1.4984,1.4986,95.50,85.90
2008.10.22 14:10:41.449,1.4984,1.49865,86.40,59.80
2008.10.22 14:10:42.089,1.4984,1.49865,89.90,55.80
2008.10.22 14:10:42.429,1.4984,1.4985,82.90,78.00
2008.10.22 14:10:42.659,1.4983,1.4986,89.95,105.40
2008.10.22 14:10:43.049,1.4983,1.4986,132.25,107.30
2008.10.22 14:10:43.408,1.4983,1.4986,164.10,107.30
2008.10.22 14:10:43.818,1.4983,1.4986,100.20,120.10
2008.10.22 14:10:44.668,1.4983,1.4986,130.20,145.30
2008.10.22 14:10:44.948,1.4984,1.4986,122.60,155.10
2008.10.22 14:10:45.358,1.4984,1.4986,69.90,160.30
2008.10.22 14:10:45.868,1.4984,1.4986,130.40,190.10
2008.10.22 14:10:46.168,1.49835,1.4986,80.40,213.30
2008.10.22 14:10:47.427,1.4984,1.4986,107.10,252.50
2008.10.22 14:10:47.757,1.4984,1.4986,118.40,275.50
2008.10.22 14:10:48.057,1.4984,1.4986,122.20,279.70
2008.10.22 14:10:48.587,1.4984,1.4986,72.90,297.90
2008.10.22 14:10:49.287,1.4984,1.4986,69.80,52.50
2008.10.22 14:10:49.497,1.49855,1.4986,95.00,96.40
2008.10.22 14:10:49.897,1.49855,1.4987,59.70,84.60
2008.10.22 14:10:51.336,1.49845,1.4987,64.20,59.50
2008.10.22 14:10:51.566,1.49845,1.4987,63.40,59.90
2008.10.22 14:10:52.066,1.4985,1.4987,139.30,89.10
2008.10.22 14:10:52.666,1.4985,1.4987,147.90,100.10
2008.10.22 14:10:53.166,1.4985,1.49865,156.90,113.80
2008.10.22 14:10:53.506,1.49845,1.49865,173.50,157.40
2008.10.22 14:10:53.886,1.49845,1.4987,102.05,84.10
2008.10.22 14:10:54.227,1.4984,1.4987,117.60,116.00
2008.10.22 14:10:54.625,1.49835,1.49865,145.60,118.60
2008.10.22 14:10:55.375,1.49845,1.49865,100.00,177.80
2008.10.22 14:10:55.735,1.49835,1.49865,128.50,170.20
2008.10.22 14:10:56.135,1.49845,1.49865,96.70,173.40
2008.10.22 14:10:56.605,1.49845,1.49865,77.50,227.00
2008.10.22 14:10:56.836,1.49845,1.49855,75.50,83.00
2008.10.22 14:10:57.295,1.49845,1.4985,65.40,224.30
2008.10.22 14:10:57.645,1.49835,1.4985,87.10,249.90
2008.10.22 14:10:58.405,1.4985,1.49855,93.80,288.40
2008.10.22 14:10:58.815,1.4984,1.4986,66.05,61.30
2008.10.22 14:10:59.164,1.4984,1.4986,105.80,70.70
2008.10.22 14:10:59.565,1.4984,1.4986,112.40,83.50
2008.10.22 14:10:59.744,1.4985,1.4987,102.80,107.60
2008.10.22 14:11:00.264,1.4985,1.4986,113.75,64.30
2008.10.22 14:11:00.594,1.4984,1.4986,130.80,95.00
2008.10.22 14:11:01.004,1.4984,1.49855,130.60,99.80
2008.10.22 14:11:01.734,1.49855,1.4986,85.50,197.50
2008.10.22 14:11:02.034,1.49855,1.4987,54.50,77.90
2008.10.22 14:11:02.484,1.4985,1.4987,74.65,88.50
2008.10.22 14:11:02.814,1.4984,1.49855,87.30,63.80
2008.10.22 14:11:03.443,1.49835,1.49855,137.60,103.80
2008.10.22 14:11:03.903,1.4983,1.4986,85.20,108.30
2008.10.22 14:11:04.253,1.49835,1.4986,90.50,201.90
2008.10.22 14:11:04.703,1.4985,1.4987,78.10,85.50
2008.10.22 14:11:05.093,1.4985,1.4987,59.40,94.10
2008.10.22 14:11:05.453,1.4983,1.4986,119.50,97.90
2008.10.22 14:11:05.803,1.49825,1.4986,92.20,101.00
2008.10.22 14:11:06.213,1.49825,1.49855,124.60,132.90
2008.10.22 14:11:06.743,1.4983,1.49855,173.20,161.60
2008.10.22 14:11:07.073,1.49825,1.4986,197.00,125.80
2008.10.22 14:11:07.363,1.49825,1.49865,73.00,157.70
2008.10.22 14:11:08.282,1.4983,1.49865,134.30,149.80
2008.10.22 14:11:08.672,1.49825,1.4985,73.20,191.50
2008.10.22 14:11:08.992,1.4983,1.4984,121.70,216.30
2008.10.22 14:11:09.292,1.4982,1.4984,95.70,80.30
2008.10.22 14:11:09.582,1.4982,1.4984,103.15,139.50
2008.10.22 14:11:09.872,1.4983,1.49845,105.00,295.80
2008.10.22 14:11:10.512,1.4983,1.4985,80.00,167.70
2008.10.22 14:11:10.922,1.4983,1.4985,58.00,157.70
2008.10.22 14:11:11.192,1.4983,1.4986,79.70,90.40
2008.10.22 14:11:11.591,1.4983,1.4986,73.00,95.00
2008.10.22 14:11:11.931,1.49825,1.4985,99.60,79.20
2008.10.22 14:11:12.322,1.49825,1.4985,52.90,107.60
2008.10.22 14:11:12.881,1.49825,1.4985,73.30,141.70
2008.10.22 14:11:14.251,1.49825,1.4985,133.55,84.90
2008.10.22 14:11:14.601,1.49835,1.4985,115.20,83.90
2008.10.22 14:11:15.021,1.4985,1.4986,104.80,71.80
2008.10.22 14:11:16.080,1.4985,1.4986,131.60,116.90
2008.10.22 14:11:16.370,1.4984,1.4986,107.60,125.10
2008.10.22 14:11:16.770,1.4984,1.4986,76.15,116.10
2008.10.22 14:11:17.160,1.4984,1.4986,100.90,85.50
2008.10.22 14:11:17.450,1.4984,1.4986,131.50,85.50
2008.10.22 14:11:18.040,1.4985,1.4986,68.60,84.60
2008.10.22 14:11:18.390,1.4985,1.4986,89.50,87.00
2008.10.22 14:11:18.890,1.4985,1.4986,99.40,127.00
2008.10.22 14:11:19.530,1.4985,1.4986,92.10,129.90
2008.10.22 14:11:19.819,1.4984,1.4986,89.70,102.30
2008.10.22 14:11:20.809,1.4985,1.4986,61.70,88.30
2008.10.22 14:11:21.159,1.4985,1.4986,52.00,68.90
2008.10.22 14:11:21.509,1.4984,1.4986,95.90,66.90
2008.10.22 14:11:21.979,1.4984,1.4986,59.90,71.90
2008.10.22 14:11:22.209,1.49835,1.4986,88.10,92.70
2008.10.22 14:11:22.439,1.4984,1.4986,87.00,119.90
2008.10.22 14:11:23.079,1.4984,1.4986,56.70,120.70
2008.10.22 14:11:24.609,1.4984,1.4986,112.90,157.90
2008.10.22 14:11:26.548,1.4984,1.4986,107.30,98.80
2008.10.22 14:11:27.018,1.4984,1.4986,96.50,71.30
2008.10.22 14:11:27.378,1.49825,1.49855,93.30,67.40
2008.10.22 14:11:29.007,1.4983,1.49855,117.20,145.00
2008.10.22 14:11:29.297,1.4983,1.4986,140.40,135.00
2008.10.22 14:11:29.637,1.49845,1.49865,149.60,175.70
2008.10.22 14:11:30.107,1.49845,1.4987,87.50,144.40
2008.10.22 14:11:30.457,1.4984,1.4987,129.70,173.20
2008.10.22 14:11:30.797,1.49835,1.4986,108.00,111.50
2008.10.22 14:11:32.847,1.49835,1.4986,83.00,159.50
2008.10.22 14:11:33.136,1.4983,1.4986,119.70,183.30
2008.10.22 14:11:33.356,1.4983,1.4986,145.80,246.00
2008.10.22 14:11:35.426,1.4983,1.4986,159.60,247.20
2008.10.22 14:11:35.766,1.4983,1.4986,153.50,275.20
2008.10.22 14:11:36.326,1.4983,1.4986,163.70,275.20
2008.10.22 14:11:36.555,1.4983,1.4986,153.50,299.20
2008.10.22 14:11:37.595,1.4983,1.4985,150.30,334.40
2008.10.22 14:11:38.345,1.4983,1.4986,115.70,500.20
2008.10.22 14:11:38.635,1.4983,1.4986,74.40,544.10
2008.10.22 14:11:38.815,1.4983,1.4986,61.10,543.70
2008.10.22 14:11:38.925,1.4983,1.4986,65.60,338.60
2008.10.22 14:11:39.615,1.49845,1.4986,68.20,278.20
2008.10.22 14:11:40.035,1.49845,1.4986,109.70,337.70
2008.10.22 14:11:43.454,1.49855,1.4986,84.20,86.10
2008.10.22 14:11:43.904,1.4985,1.4986,85.90,101.80
2008.10.22 14:11:44.244,1.49845,1.4986,100.60,89.10
2008.10.22 14:11:44.424,1.49845,1.4986,62.30,113.30
2008.10.22 14:11:44.603,1.4985,1.4986,65.60,93.40
2008.10.22 14:11:44.824,1.4985,1.4986,87.50,62.20
2008.10.22 14:11:47.803,1.49845,1.4986,82.50,64.30
2008.10.22 14:11:48.203,1.4985,1.4986,73.70,119.40
2008.10.22 14:11:48.533,1.4985,1.4986,67.50,110.60
2008.10.22 14:11:48.772,1.4984,1.4986,61.10,132.10
2008.10.22 14:11:49.583,1.4984,1.49845,58.50,126.60
2008.10.22 14:11:49.992,1.49835,1.4986,108.30,177.40
2008.10.22 14:11:50.282,1.49835,1.49855,177.50,212.00
2008.10.22 14:11:50.632,1.4983,1.49855,218.60,264.20
2008.10.22 14:11:51.112,1.4983,1.49855,158.80,65.30
2008.10.22 14:11:51.972,1.49825,1.49845,99.10,138.50
2008.10.22 14:11:52.552,1.4983,1.49845,79.20,96.80
2008.10.22 14:11:52.721,1.49835,1.49855,64.50,94.00
2008.10.22 14:11:53.402,1.4983,1.4986,79.35,122.90
2008.10.22 14:11:53.741,1.4983,1.49845,104.20,82.00
2008.10.22 14:11:55.001,1.49825,1.49845,121.80,81.20
2008.10.22 14:11:55.301,1.49825,1.49845,160.20,139.70
2008.10.22 14:11:55.911,1.49825,1.4984,183.40,112.30
2008.10.22 14:11:56.191,1.4984,1.4985,52.00,73.60
2008.10.22 14:11:57.191,1.4984,1.49865,83.90,117.80
2008.10.22 14:11:58.110,1.49835,1.4984,106.20,141.10
2008.10.22 14:11:58.570,1.4981,1.4983,48.15,44.80
2008.10.22 14:11:59.030,1.49765,1.49825,112.80,90.60
2008.10.22 14:11:59.310,1.49765,1.49815,82.90,63.90
2008.10.22 14:11:59.590,1.49765,1.49815,90.60,115.90
2008.10.22 14:11:59.880,1.4978,1.49815,84.10,97.20
2008.10.22 14:12:00.160,1.49795,1.49805,73.70,80.60
2008.10.22 14:12:00.450,1.4981,1.49815,82.80,52.40
2008.10.22 14:12:00.840,1.49825,1.4985,54.20,86.00
2008.10.22 14:12:01.180,1.4982,1.49855,69.10,126.00
2008.10.22 14:12:01.640,1.4981,1.49855,88.10,145.80
2008.10.22 14:12:02.099,1.49815,1.49845,132.30,73.20
2008.10.22 14:12:02.399,1.4982,1.49845,132.30,49.20
2008.10.22 14:12:02.739,1.49835,1.4985,79.00,90.60
2008.10.22 14:12:05.169,1.4984,1.4985,125.30,130.80
2008.10.22 14:12:05.568,1.49845,1.4985,153.40,168.00
2008.10.22 14:12:05.858,1.49845,1.4985,191.30,110.80
2008.10.22 14:12:06.149,1.49845,1.49885,22.80,22.80
2008.10.22 14:12:06.498,1.4985,1.49885,49.65,44.40
2008.10.22 14:12:06.838,1.4985,1.49885,117.10,95.00
2008.10.22 14:12:07.178,1.4986,1.49875,96.20,95.00
2008.10.22 14:12:07.678,1.4985,1.49875,148.80,123.80
2008.10.22 14:12:08.128,1.4985,1.49875,189.50,123.80
2008.10.22 14:12:08.428,1.4985,1.4987,86.10,75.60
2008.10.22 14:12:08.828,1.4984,1.4987,74.85,71.60
2008.10.22 14:12:10.777,1.4985,1.4987,163.00,105.60
2008.10.22 14:12:13.606,1.4984,1.4987,298.35,131.60
2008.10.22 14:12:14.426,1.4984,1.4987,330.60,73.60
2008.10.22 14:12:14.606,1.4984,1.4987,329.40,70.40
2008.10.22 14:12:14.827,1.49845,1.4987,268.00,70.00
2008.10.22 14:12:15.007,1.49845,1.49875,282.90,108.00
2008.10.22 14:12:15.346,1.49845,1.49875,39.65,62.20
2008.10.22 14:12:15.806,1.4983,1.4986,92.75,78.70
2008.10.22 14:12:16.046,1.4983,1.4986,75.30,85.90
2008.10.22 14:12:16.856,1.4983,1.4986,77.10,108.80
2008.10.22 14:12:17.486,1.4983,1.4986,73.30,111.50
2008.10.22 14:12:18.755,1.4983,1.4986,71.20,108.30
2008.10.22 14:12:19.045,1.49835,1.4986,62.30,60.30
2008.10.22 14:12:19.735,1.4984,1.4986,77.50,65.90
2008.10.22 14:12:19.975,1.4984,1.4987,75.60,88.00
2008.10.22 14:12:21.195,1.4984,1.4987,98.60,68.80
2008.10.22 14:12:21.655,1.49845,1.4987,83.70,102.80
2008.10.22 14:12:22.005,1.4984,1.4987,113.00,112.80
2008.10.22 14:12:22.285,1.4984,1.4986,121.00,103.40
2008.10.22 14:12:22.564,1.4984,1.4986,86.40,86.20
2008.10.22 14:12:23.544,1.4984,1.4986,99.50,94.50
2008.10.22 14:12:23.884,1.4984,1.4986,94.20,94.40
2008.10.22 14:12:24.124,1.4984,1.4987,110.60,128.40
2008.10.22 14:12:25.904,1.4984,1.4986,95.50,108.90
2008.10.22 14:12:26.294,1.4984,1.4986,111.50,93.60
2008.10.22 14:12:26.574,1.4984,1.4986,99.90,116.00
2008.10.22 14:12:26.853,1.4984,1.4986,145.70,173.60
2008.10.22 14:12:27.093,1.4984,1.4987,144.80,72.40
2008.10.22 14:12:28.063,1.4984,1.4987,136.00,142.80
2008.10.22 14:12:28.523,1.4984,1.4987,139.00,142.40
2008.10.22 14:12:28.813,1.4984,1.4987,163.80,139.20
2008.10.22 14:12:29.163,1.4984,1.4987,191.40,142.40
2008.10.22 14:12:30.163,1.49845,1.4987,188.10,140.40
2008.10.22 14:12:30.912,1.4984,1.4987,168.25,140.00
2008.10.22 14:12:31.492,1.4984,1.4987,178.05,149.20
2008.10.22 14:12:31.902,1.49855,1.4987,151.40,148.20
2008.10.22 14:12:32.342,1.4986,1.4988,107.30,101.00
2008.10.22 14:12:32.622,1.4985,1.4987,76.30,83.60
2008.10.22 14:12:33.022,1.4984,1.4986,92.10,83.10
2008.10.22 14:12:33.362,1.4983,1.4985,59.10,83.00
2008.10.22 14:12:34.102,1.4982,1.4985,79.20,108.00
2008.10.22 14:12:34.451,1.49815,1.4985,73.30,133.60
2008.10.22 14:12:34.791,1.49805,1.49845,94.20,135.00
2008.10.22 14:12:35.532,1.49805,1.49845,134.50,204.20
2008.10.22 14:12:35.872,1.49815,1.49845,140.20,205.00
2008.10.22 14:12:36.501,1.49815,1.49845,154.50,96.80
2008.10.22 14:12:36.791,1.49815,1.49845,145.10,96.60
2008.10.22 14:12:37.131,1.49815,1.49845,188.10,97.00
2008.10.22 14:12:37.421,1.49805,1.49845,248.95,131.60
2008.10.22 14:12:37.711,1.49805,1.49845,286.95,130.30
2008.10.22 14:12:38.121,1.4981,1.49845,295.80,112.70
2008.10.22 14:12:38.581,1.49825,1.49845,58.70,52.80
2008.10.22 14:12:38.871,1.49825,1.4985,113.90,93.70
2008.10.22 14:12:39.641,1.4983,1.49855,83.80,79.50
2008.10.22 14:12:39.980,1.4983,1.4986,123.20,142.80
2008.10.22 14:12:40.330,1.4983,1.4986,132.90,184.40
2008.10.22 14:12:41.600,1.4983,1.49855,125.00,181.60
2008.10.22 14:12:42.179,1.4983,1.4985,189.00,228.80
2008.10.22 14:12:42.470,1.49835,1.4986,131.20,105.00
2008.10.22 14:12:43.089,1.4983,1.4986,160.60,88.80
2008.10.22 14:12:43.889,1.4983,1.4986,103.55,115.20
2008.10.22 14:12:45.329,1.4983,1.4986,76.90,166.80
2008.10.22 14:12:46.029,1.4983,1.4986,107.00,201.80
2008.10.22 14:12:46.568,1.49835,1.49865,71.70,94.60
2008.10.22 14:12:46.909,1.49835,1.49865,79.70,113.40
2008.10.22 14:12:47.529,1.49835,1.49865,86.10,112.00
2008.10.22 14:12:48.048,1.49835,1.49865,79.00,145.20
2008.10.22 14:12:48.398,1.4985,1.4987,113.00,112.80
2008.10.22 14:12:48.748,1.49855,1.49875,140.80,111.60
2008.10.22 14:13:01.955,1.4986,1.49875,89.10,150.60
2008.10.22 14:13:02.275,1.4987,1.4988,150.80,156.70
2008.10.22 14:13:02.785,1.4987,1.4988,62.80,176.30
2008.10.22 14:13:03.245,1.4987,1.49885,90.70,174.00
2008.10.22 14:13:04.114,1.4987,1.49885,164.40,255.20
2008.10.22 14:13:05.824,1.4987,1.49885,211.60,144.40
2008.10.22 14:13:06.124,1.4987,1.49885,203.40,122.00
2008.10.22 14:13:07.753,1.49865,1.49885,112.30,130.00
2008.10.22 14:13:08.044,1.4986,1.4988,125.50,136.50
2008.10.22 14:13:12.962,1.4986,1.4988,155.20,217.30
2008.10.22 14:13:13.192,1.49855,1.4988,88.30,108.90
2008.10.22 14:13:14.442,1.4986,1.49875,91.70,116.60
2008.10.22 14:13:14.732,1.49845,1.49875,87.60,134.60
2008.10.22 14:13:15.212,1.4984,1.4987,133.00,165.80
2008.10.22 14:13:15.432,1.4984,1.4987,101.40,165.80
2008.10.22 14:13:15.731,1.4984,1.49865,148.40,138.60
2008.10.22 14:13:16.072,1.49835,1.49855,71.50,81.40
2008.10.22 14:13:16.541,1.4983,1.49845,125.70,139.80
2008.10.22 14:13:17.061,1.4982,1.49845,59.50,64.40
2008.10.22 14:13:17.531,1.49815,1.4984,60.10,94.00
2008.10.22 14:13:17.871,1.49825,1.4984,84.30,161.60
2008.10.22 14:13:18.221,1.4982,1.4984,133.50,83.70
2008.10.22 14:13:18.631,1.4982,1.4984,90.00,90.00
2008.10.22 14:13:19.101,1.4983,1.4984,105.60,124.40
2008.10.22 14:13:19.331,1.49835,1.4984,63.20,86.80
2008.10.22 14:13:19.960,1.4983,1.4984,99.10,85.20
2008.10.22 14:13:20.201,1.4983,1.4984,130.60,137.90
2008.10.22 14:13:20.670,1.4983,1.4984,133.40,171.90
2008.10.22 14:13:21.060,1.4983,1.4984,107.20,151.60
2008.10.22 14:13:21.460,1.4983,1.4984,136.10,171.80
2008.10.22 14:13:21.930,1.4983,1.4984,64.90,208.40
2008.10.22 14:13:22.280,1.4983,1.4984,94.50,114.30
2008.10.22 14:13:22.740,1.4983,1.4984,74.10,107.70
2008.10.22 14:13:23.140,1.49825,1.4984,75.30,140.70
2008.10.22 14:13:23.610,1.4982,1.4984,75.40,107.10
2008.10.22 14:13:24.010,1.4984,1.49865,44.15,46.50
2008.10.22 14:13:24.189,1.4984,1.49875,44.40,47.60
2008.10.22 14:13:24.829,1.4983,1.49865,101.40,130.50
2008.10.22 14:13:25.059,1.4983,1.4986,65.90,60.60
2008.10.22 14:13:25.349,1.4984,1.4986,71.90,79.30
2008.10.22 14:13:25.759,1.4984,1.4986,108.40,94.60
2008.10.22 14:13:26.219,1.49825,1.4986,91.00,162.10
2008.10.22 14:13:26.519,1.4984,1.49865,108.40,163.20
2008.10.22 14:13:26.809,1.4984,1.49865,88.50,76.20
2008.10.22 14:13:27.109,1.4983,1.49855,108.70,95.80
2008.10.22 14:13:27.629,1.49825,1.4986,109.00,100.50
2008.10.22 14:13:27.859,1.49825,1.4986,94.30,87.30
2008.10.22 14:13:28.198,1.49815,1.49845,112.10,87.80
2008.10.22 14:13:28.528,1.49815,1.49845,114.20,77.00
2008.10.22 14:13:29.048,1.49815,1.49845,93.10,125.20
2008.10.22 14:13:29.388,1.4983,1.49855,86.20,58.20
2008.10.22 14:13:30.178,1.4983,1.4985,109.60,86.80
2008.10.22 14:13:30.748,1.4984,1.49855,65.60,113.60
2008.10.22 14:13:33.418,1.4984,1.49855,108.10,89.40
2008.10.22 14:13:33.887,1.4984,1.49845,95.70,59.00
2008.10.22 14:13:34.127,1.49825,1.49845,118.10,65.40
2008.10.22 14:13:34.567,1.49835,1.49845,107.40,82.60
2008.10.22 14:13:34.797,1.4984,1.4985,91.20,90.00
2008.10.22 14:13:35.657,1.4984,1.4985,64.30,195.30
2008.10.22 14:13:39.576,1.4983,1.49845,72.10,130.20
2008.10.22 14:13:39.806,1.49825,1.49845,58.40,158.80
2008.10.22 14:13:40.096,1.49825,1.4984,79.20,162.60
2008.10.22 14:13:40.456,1.4981,1.49835,73.50,171.80
2008.10.22 14:13:40.935,1.49805,1.49835,128.40,205.00
2008.10.22 14:13:41.395,1.49815,1.4984,120.20,76.80
2008.10.22 14:13:41.805,1.4983,1.49855,86.90,118.70
2008.10.22 14:13:42.035,1.4983,1.49855,140.80,79.50
2008.10.22 14:13:42.275,1.49835,1.4986,120.80,113.40
2008.10.22 14:13:42.515,1.4984,1.4986,60.10,113.20
2008.10.22 14:13:42.855,1.4984,1.4986,93.70,104.80
2008.10.22 14:13:43.315,1.4984,1.4986,61.90,88.90
2008.10.22 14:13:43.725,1.4984,1.4986,125.60,138.80
2008.10.22 14:13:44.185,1.4984,1.4986,93.40,145.20
2008.10.22 14:13:44.715,1.4984,1.4986,115.90,133.20
2008.10.22 14:13:45.075,1.49835,1.4986,144.50,78.40
2008.10.22 14:13:45.534,1.49835,1.49865,160.50,126.60
2008.10.22 14:13:45.924,1.49835,1.49865,157.30,125.20
2008.10.22 14:13:46.274,1.4984,1.49865,231.20,140.50
2008.10.22 14:13:46.564,1.49835,1.49865,281.60,145.00
2008.10.22 14:13:47.084,1.49835,1.4986,114.10,132.40
2008.10.22 14:13:47.424,1.49845,1.4986,119.20,164.90
2008.10.22 14:13:47.994,1.49845,1.4986,89.80,92.40
2008.10.22 14:13:48.264,1.4984,1.4986,119.10,95.40
2008.10.22 14:13:48.503,1.4984,1.4986,86.40,78.80
2008.10.22 14:13:49.014,1.4983,1.49855,82.20,79.60
2008.10.22 14:13:49.613,1.4983,1.4986,97.50,132.40
2008.10.22 14:13:49.843,1.4984,1.4986,98.70,163.70
2008.10.22 14:13:50.073,1.4984,1.4986,90.70,65.50
2008.10.22 14:13:51.223,1.4984,1.4986,98.70,116.70
2008.10.22 14:13:51.553,1.49835,1.49865,61.30,110.80
2008.10.22 14:13:52.113,1.49835,1.49865,131.70,192.60
2008.10.22 14:13:52.643,1.49835,1.49865,158.50,207.20
2008.10.22 14:13:53.003,1.49835,1.49865,164.00,186.60
2008.10.22 14:13:53.402,1.49835,1.49865,79.80,181.00
2008.10.22 14:13:53.702,1.4985,1.4987,107.70,91.10
2008.10.22 14:13:53.992,1.4985,1.4987,138.50,63.50
2008.10.22 14:13:54.452,1.49845,1.4987,110.00,98.10
2008.10.22 14:13:54.732,1.4985,1.49865,95.90,71.80
2008.10.22 14:13:55.012,1.49835,1.49865,109.20,69.40
2008.10.22 14:13:57.201,1.49835,1.49865,141.30,176.00
2008.10.22 14:13:57.951,1.4985,1.49865,133.80,159.20
2008.10.22 14:13:58.411,1.4985,1.4987,66.70,61.70
2008.10.22 14:13:58.921,1.4986,1.4987,119.20,113.70
2008.10.22 14:13:59.152,1.4986,1.4988,133.90,139.60
2008.10.22 14:13:59.381,1.49865,1.4988,81.40,64.20
2008.10.22 14:13:59.721,1.4986,1.4988,70.45,64.20
2008.10.22 14:13:59.941,1.4987,1.4989,66.60,84.20
2008.10.22 14:14:00.231,1.4987,1.4989,87.50,89.00
2008.10.22 14:14:00.521,1.49875,1.499,60.00,59.90
2008.10.22 14:14:00.811,1.4988,1.4991,91.70,94.40
2008.10.22 14:14:01.391,1.49855,1.49895,139.80,69.20
2008.10.22 14:14:01.661,1.49855,1.499,190.30,108.00
2008.10.22 14:14:02.120,1.49865,1.499,153.50,110.00
2008.10.22 14:14:02.350,1.49885,1.499,80.60,78.80
2008.10.22 14:14:02.530,1.49885,1.49905,58.40,65.60
2008.10.22 14:14:02.821,1.4988,1.49905,79.90,128.10
2008.10.22 14:14:03.100,1.4987,1.499,89.30,137.20
2008.10.22 14:14:03.450,1.4986,1.49895,160.45,60.00
2008.10.22 14:14:04.520,1.4986,1.49895,180.20,70.80
2008.10.22 14:14:04.990,1.49875,1.499,181.40,151.80
2008.10.22 14:14:05.290,1.4987,1.499,186.40,127.20
2008.10.22 14:14:05.870,1.4987,1.499,186.40,83.00
2008.10.22 14:14:06.209,1.4988,1.499,208.60,110.30
2008.10.22 14:14:06.599,1.4988,1.49895,232.10,124.10
2008.10.22 14:14:06.959,1.4987,1.4989,109.00,65.30
2008.10.22 14:14:08.049,1.4987,1.4989,110.30,136.10
2008.10.22 14:14:08.389,1.4987,1.4989,96.70,149.80
2008.10.22 14:14:08.949,1.4987,1.4989,168.70,201.30
2008.10.22 14:14:09.519,1.4987,1.499,83.90,234.60
2008.10.22 14:14:09.988,1.4987,1.49895,57.40,105.20
2008.10.22 14:14:10.668,1.4987,1.49895,66.30,96.30
2008.10.22 14:14:10.958,1.4987,1.49895,66.10,101.80
2008.10.22 14:14:11.298,1.49875,1.499,69.60,85.30
2008.10.22 14:14:11.708,1.4988,1.499,88.60,61.30
2008.10.22 14:14:12.058,1.4988,1.499,97.50,70.50
2008.10.22 14:14:12.688,1.4988,1.49905,117.50,120.90
2008.10.22 14:14:13.028,1.4988,1.499,99.80,90.00
2008.10.22 14:14:13.677,1.4988,1.49905,107.80,131.30
2008.10.22 14:14:13.958,1.4988,1.499,107.80,94.00
2008.10.22 14:14:14.318,1.4988,1.49895,133.40,109.10
2008.10.22 14:14:16.167,1.4988,1.49885,136.20,139.40
2008.10.22 14:14:16.567,1.4987,1.49885,82.10,68.40
2008.10.22 14:14:16.907,1.49875,1.4989,84.00,89.60
2008.10.22 14:14:17.377,1.49875,1.4989,75.20,70.50
2008.10.22 14:14:18.237,1.4988,1.4989,88.00,128.90
2008.10.22 14:14:19.086,1.4989,1.49905,51.80,40.40
2008.10.22 14:14:19.386,1.4989,1.49905,43.15,41.40
2008.10.22 14:14:19.607,1.499,1.49905,99.80,94.20
2008.10.22 14:14:19.896,1.499,1.49915,99.80,93.90
2008.10.22 14:14:20.126,1.49885,1.49915,83.20,154.00
2008.10.22 14:14:20.486,1.49885,1.49915,93.50,123.60
2008.10.22 14:14:21.516,1.49875,1.4992,131.30,68.60
2008.10.22 14:14:21.636,1.4989,1.4991,35.40,46.50
2008.10.22 14:14:22.116,1.49905,1.49915,71.20,86.80
2008.10.22 14:14:22.337,1.49905,1.4992,70.00,109.80
2008.10.22 14:14:22.565,1.49905,1.4992,66.15,106.80
2008.10.22 14:14:23.035,1.4991,1.4993,169.90,192.70
2008.10.22 14:14:23.505,1.4991,1.4993,174.10,200.90
2008.10.22 14:14:25.705,1.4991,1.4993,169.00,248.90
2008.10.22 14:14:27.264,1.499,1.4993,70.65,234.10
2008.10.22 14:14:27.384,1.49905,1.4993,71.50,92.30
2008.10.22 14:14:27.844,1.49905,1.4993,61.70,107.10
2008.10.22 14:14:29.304,1.49905,1.4992,102.10,79.50
2008.10.22 14:14:29.414,1.499,1.4992,98.70,58.80
2008.10.22 14:14:29.534,1.499,1.4992,95.00,83.20
2008.10.22 14:14:34.542,1.49895,1.4992,139.70,92.90
2008.10.22 14:14:34.662,1.49895,1.4992,97.30,93.20
2008.10.22 14:14:34.953,1.4989,1.4992,116.90,93.20
2008.10.22 14:14:36.162,1.4989,1.4991,149.00,104.20
2008.10.22 14:14:36.602,1.49895,1.4991,162.50,83.40
2008.10.22 14:14:37.422,1.4989,1.4991,103.90,92.90
2008.10.22 14:14:38.522,1.49895,1.4991,72.00,168.30
2008.10.22 14:14:38.692,1.499,1.49915,71.80,203.00
2008.10.22 14:14:41.341,1.499,1.4991,67.20,156.20
2008.10.22 14:14:41.631,1.4989,1.4991,82.30,169.30
2008.10.22 14:14:42.421,1.49895,1.4991,104.10,141.90
2008.10.22 14:14:42.831,1.4989,1.4991,210.50,136.50
2008.10.22 14:14:44.110,1.4989,1.4991,85.90,52.90
2008.10.22 14:14:44.330,1.4989,1.49905,118.40,88.40
2008.10.22 14:14:49.739,1.4989,1.49905,118.40,128.00
2008.10.22 14:14:49.849,1.4989,1.4991,128.10,132.80
2008.10.22 14:14:50.299,1.4989,1.4991,113.60,124.80
2008.10.22 14:14:51.218,1.4989,1.49905,170.20,125.90
2008.10.22 14:14:51.858,1.4989,1.499,166.40,68.40
2008.10.22 14:14:52.318,1.4989,1.49905,209.60,90.80
2008.10.22 14:14:53.298,1.4989,1.49905,248.00,103.60
2008.10.22 14:14:55.058,1.4989,1.49905,317.30,205.20
2008.10.22 14:14:55.408,1.4989,1.4991,286.90,208.10
2008.10.22 14:14:55.698,1.4989,1.4991,214.30,69.30
2008.10.22 14:15:00.376,1.49895,1.4991,149.00,107.50
2008.10.22 14:15:01.126,1.4989,1.4991,206.80,91.70
2008.10.22 14:15:06.035,1.4989,1.4991,205.80,167.30
2008.10.22 14:15:06.325,1.4988,1.4991,106.60,73.30
2008.10.22 14:15:06.505,1.4988,1.4991,119.70,119.60
2008.10.22 14:15:07.195,1.4988,1.499,119.70,105.20
2008.10.22 14:15:08.164,1.4988,1.499,163.10,92.50
2008.10.22 14:15:09.794,1.49885,1.499,239.00,136.30
2008.10.22 14:15:11.104,1.4988,1.499,298.60,122.10
2008.10.22 14:15:19.882,1.49885,1.499,103.40,174.70
2008.10.22 14:15:24.001,1.4988,1.49905,135.05,183.80
2008.10.22 14:15:24.461,1.49885,1.49905,141.30,214.00
2008.10.22 14:15:24.970,1.4989,1.49905,147.00,209.20
2008.10.22 14:15:27.000,1.4989,1.499,114.90,64.20
2008.10.22 14:15:27.290,1.49885,1.499,114.90,65.30
2008.10.22 14:15:28.230,1.49885,1.499,123.10,65.60
2008.10.22 14:15:28.520,1.49885,1.49905,119.60,81.00
2008.10.22 14:15:29.549,1.4989,1.49905,105.80,66.60
2008.10.22 14:15:29.719,1.4989,1.49905,105.90,66.60
2008.10.22 14:15:29.959,1.4989,1.49905,75.70,57.80
2008.10.22 14:15:30.409,1.4988,1.499,128.00,77.70
2008.10.22 14:15:30.909,1.49885,1.49905,138.60,104.10
2008.10.22 14:15:31.379,1.4988,1.49905,76.40,101.40
2008.10.22 14:15:31.719,1.49885,1.49905,124.00,69.70
2008.10.22 14:15:32.639,1.49885,1.49905,246.80,106.10
2008.10.22 14:15:33.548,1.49875,1.49905,313.00,115.00
2008.10.22 14:15:33.838,1.49875,1.49905,221.80,120.60
2008.10.22 14:15:34.068,1.49875,1.49905,319.00,159.80
2008.10.22 14:15:34.308,1.49875,1.49905,319.00,161.00
2008.10.22 14:15:35.168,1.49875,1.49905,335.80,99.10
2008.10.22 14:15:35.808,1.49875,1.49905,166.50,95.80
2008.10.22 14:15:36.088,1.49875,1.49905,226.30,136.00
2008.10.22 14:15:36.438,1.4988,1.49905,190.00,140.00
2008.10.22 14:15:36.788,1.4988,1.49905,76.50,142.80
2008.10.22 14:15:37.027,1.4988,1.49905,72.85,114.40
2008.10.22 14:15:37.257,1.4988,1.499,67.70,122.70
2008.10.22 14:15:42.146,1.4989,1.4991,230.80,168.40
2008.10.22 14:15:43.786,1.4989,1.4991,228.10,192.70
2008.10.22 14:15:44.006,1.4988,1.4991,308.60,146.40
2008.10.22 14:15:45.966,1.4988,1.4991,246.90,86.50
2008.10.22 14:15:46.775,1.4988,1.4991,46.80,74.20
2008.10.22 14:15:47.235,1.49885,1.4991,94.70,106.60
2008.10.22 14:15:48.485,1.4989,1.4991,127.40,132.80
2008.10.22 14:15:49.794,1.49885,1.4991,180.90,196.60
2008.10.22 14:15:50.074,1.4988,1.4991,239.70,138.60
2008.10.22 14:15:50.964,1.49885,1.4991,201.70,172.60
2008.10.22 14:15:53.834,1.49885,1.4991,256.40,163.70
2008.10.22 14:15:55.934,1.49885,1.4991,302.30,178.70
2008.10.22 14:15:56.223,1.49885,1.4991,304.80,186.90
2008.10.22 14:15:56.503,1.49885,1.4991,300.80,148.90
2008.10.22 14:16:00.302,1.49895,1.4991,61.80,198.40
2008.10.22 14:16:00.652,1.4989,1.4991,62.70,83.00
2008.10.22 14:16:04.911,1.4989,1.4991,104.20,140.70
2008.10.22 14:16:05.591,1.4989,1.49905,94.80,58.80
2008.10.22 14:16:06.680,1.4989,1.49905,192.40,116.40
2008.10.22 14:16:07.280,1.4989,1.499,80.20,108.80
2008.10.22 14:16:07.510,1.4989,1.499,104.20,111.10
2008.10.22 14:16:08.080,1.4989,1.49905,59.40,198.40
2008.10.22 14:16:08.490,1.4989,1.499,91.60,196.50
2008.10.22 14:16:09.000,1.4989,1.49905,120.20,82.80
2008.10.22 14:16:09.220,1.4989,1.499,111.20,63.80
2008.10.22 14:16:09.500,1.4989,1.49905,115.60,66.80
2008.10.22 14:16:09.670,1.4989,1.499,183.40,87.60
2008.10.22 14:16:10.060,1.4989,1.499,185.20,108.60
2008.10.22 14:16:10.289,1.4989,1.499,66.40,83.90
2008.10.22 14:16:10.520,1.4989,1.49895,92.40,90.70
2008.10.22 14:16:14.979,1.4988,1.499,39.80,37.80
2008.10.22 14:16:15.278,1.49875,1.4989,38.60,41.30
2008.10.22 14:16:15.448,1.4988,1.499,53.35,20.80
2008.10.22 14:16:15.748,1.4988,1.499,53.45,20.80
2008.10.22 14:16:16.028,1.49885,1.499,97.60,62.50
2008.10.22 14:16:16.828,1.49885,1.49895,77.80,72.00
2008.10.22 14:16:17.408,1.49885,1.499,97.40,74.80
2008.10.22 14:16:17.768,1.49885,1.49895,118.00,88.90
2008.10.22 14:16:17.937,1.49885,1.499,113.60,83.30
2008.10.22 14:16:18.107,1.49885,1.49895,113.60,87.50
2008.10.22 14:16:18.578,1.49885,1.499,52.60,136.80
2008.10.22 14:16:18.869,1.49885,1.499,95.80,107.60
2008.10.22 14:16:19.317,1.49885,1.499,84.60,134.80
2008.10.22 14:16:19.437,1.499,1.4991,46.20,73.90
2008.10.22 14:16:19.667,1.499,1.4991,51.00,76.10
2008.10.22 14:16:19.787,1.49885,1.4991,127.40,76.50
2008.10.22 14:16:20.067,1.4989,1.4991,98.30,76.10
2008.10.22 14:16:21.967,1.4989,1.49895,95.60,114.60
2008.10.22 14:16:22.197,1.4988,1.49895,89.60,60.80
2008.10.22 14:16:22.707,1.4988,1.499,82.70,84.10
2008.10.22 14:16:23.096,1.4988,1.499,95.70,62.10
2008.10.22 14:16:23.446,1.49885,1.499,88.00,72.10
2008.10.22 14:16:23.956,1.49885,1.499,88.00,79.60
2008.10.22 14:16:24.646,1.4989,1.499,120.00,85.40
2008.10.22 14:16:24.816,1.4989,1.4991,142.20,120.50
2008.10.22 14:16:25.056,1.4989,1.4991,142.20,117.50
2008.10.22 14:16:25.386,1.4989,1.4991,145.90,103.20
2008.10.22 14:16:25.726,1.49885,1.4991,153.40,117.20
2008.10.22 14:16:26.006,1.49885,1.4991,179.00,164.80
2008.10.22 14:16:26.295,1.49885,1.499,179.00,134.80
2008.10.22 14:16:26.645,1.4988,1.499,205.50,58.10
2008.10.22 14:16:27.035,1.4988,1.499,205.90,66.10
2008.10.22 14:16:27.905,1.4988,1.499,65.10,92.90
2008.10.22 14:16:28.205,1.4988,1.499,102.40,116.20
2008.10.22 14:16:30.575,1.4988,1.49895,57.70,126.50
2008.10.22 14:16:32.424,1.4988,1.49895,89.60,115.50
2008.10.22 14:16:33.314,1.4988,1.499,77.50,77.30
2008.10.22 14:16:33.654,1.4988,1.499,88.30,58.50
2008.10.22 14:16:40.192,1.4988,1.499,134.40,80.70
2008.10.22 14:16:40.782,1.4988,1.499,140.30,86.90
2008.10.22 14:16:42.282,1.49885,1.499,65.10,80.70
2008.10.22 14:16:43.162,1.49885,1.499,89.70,66.70
2008.10.22 14:16:43.272,1.49885,1.499,101.50,67.90
2008.10.22 14:16:45.261,1.49885,1.499,68.20,91.30
2008.10.22 14:16:45.891,1.49885,1.499,89.60,86.50
2008.10.22 14:16:46.251,1.4988,1.499,82.00,93.70
2008.10.22 14:16:46.591,1.4988,1.49895,62.40,124.00
2008.10.22 14:16:48.100,1.4988,1.499,61.30,167.40
2008.10.22 14:16:48.380,1.49885,1.499,78.30,85.00
2008.10.22 14:16:48.830,1.4989,1.499,87.20,123.00
2008.10.22 14:16:49.410,1.4989,1.499,111.00,85.40
2008.10.22 14:16:49.700,1.4989,1.499,92.40,91.30
2008.10.22 14:16:51.710,1.4989,1.499,103.60,93.80
2008.10.22 14:16:52.099,1.4989,1.4991,60.00,80.80
2008.10.22 14:16:52.490,1.4989,1.4991,65.60,92.90
2008.10.22 14:16:52.720,1.4989,1.4992,99.60,106.10
2008.10.22 14:16:53.109,1.499,1.49925,88.80,74.00
2008.10.22 14:16:53.289,1.49895,1.4992,132.10,113.60
2008.10.22 14:16:54.169,1.49895,1.49915,150.80,169.90
2008.10.22 14:16:54.509,1.4989,1.49915,141.50,73.10
2008.10.22 14:16:56.048,1.49905,1.4992,156.80,89.80
2008.10.22 14:16:56.398,1.4991,1.49925,175.20,78.80
2008.10.22 14:16:56.808,1.4991,1.4992,86.00,84.50
2008.10.22 14:16:57.028,1.49885,1.49925,47.75,42.60
2008.10.22 14:16:57.358,1.4989,1.49925,47.75,42.10
2008.10.22 14:16:57.758,1.4989,1.4993,49.75,42.00
2008.10.22 14:16:58.048,1.49915,1.4993,72.80,111.30
2008.10.22 14:16:58.448,1.4991,1.4993,64.70,100.70
2008.10.22 14:16:58.848,1.49895,1.4992,103.30,55.40
2008.10.22 14:16:59.208,1.499,1.4992,105.70,98.40
2008.10.22 14:16:59.897,1.499,1.4992,65.60,85.70
2008.10.22 14:17:00.417,1.49915,1.49935,83.30,104.00
2008.10.22 14:17:00.827,1.49915,1.49935,84.40,92.80
2008.10.22 14:17:01.177,1.4991,1.49935,99.40,95.60
2008.10.22 14:17:01.877,1.4992,1.4994,103.40,79.30
2008.10.22 14:17:02.237,1.4992,1.49935,113.20,55.00
2008.10.22 14:17:02.707,1.49915,1.49935,67.30,94.00
2008.10.22 14:17:02.997,1.4991,1.4993,66.60,84.70
2008.10.22 14:17:03.507,1.4991,1.49925,93.40,55.40
2008.10.22 14:17:03.917,1.499,1.4992,94.50,114.10
2008.10.22 14:17:04.396,1.499,1.49915,75.60,81.30
2008.10.22 14:17:04.676,1.49905,1.49915,102.60,104.40
2008.10.22 14:17:05.316,1.49905,1.4993,79.20,79.20
2008.10.22 14:17:05.676,1.49915,1.49935,72.90,64.60
2008.10.22 14:17:06.026,1.4992,1.4994,63.60,60.90
2008.10.22 14:17:07.506,1.49915,1.49935,67.20,103.20
2008.10.22 14:17:08.425,1.49915,1.49935,66.80,102.30
2008.10.22 14:17:08.756,1.4991,1.4994,95.40,61.30
2008.10.22 14:17:08.995,1.4991,1.4994,123.50,101.90
2008.10.22 14:17:09.225,1.4991,1.4994,77.70,98.00
2008.10.22 14:17:09.615,1.4991,1.4994,111.60,85.40
2008.10.22 14:17:09.965,1.49905,1.4994,135.75,82.20
2008.10.22 14:17:10.205,1.49905,1.4994,155.50,107.80
2008.10.22 14:17:10.495,1.49905,1.4994,169.50,78.10
2008.10.22 14:17:10.775,1.49905,1.49925,202.20,110.20
2008.10.22 14:17:12.975,1.49915,1.4993,57.60,91.30
2008.10.22 14:17:13.494,1.4992,1.49935,89.10,63.10
2008.10.22 14:17:13.895,1.4992,1.49935,92.30,96.10
2008.10.22 14:17:14.364,1.4992,1.4994,116.70,161.80
2008.10.22 14:17:14.764,1.4992,1.4994,68.70,125.30
2008.10.22 14:17:16.874,1.4992,1.4994,158.90,108.80
2008.10.22 14:17:17.853,1.4992,1.4994,170.10,175.00
2008.10.22 14:17:18.873,1.4992,1.49935,188.50,189.00
2008.10.22 14:17:19.333,1.4992,1.49935,194.30,185.10
2008.10.22 14:17:19.673,1.4992,1.49935,169.90,224.30
2008.10.22 14:17:20.552,1.4992,1.49935,92.00,118.10
2008.10.22 14:17:20.952,1.49905,1.49935,95.20,126.90
2008.10.22 14:17:21.413,1.49905,1.4993,81.40,99.00
2008.10.22 14:17:21.852,1.49905,1.49935,83.70,123.00
2008.10.22 14:17:23.592,1.49915,1.49935,97.00,86.30
2008.10.22 14:17:24.272,1.49915,1.4993,89.40,59.20
2008.10.22 14:17:24.662,1.49915,1.49935,109.60,67.90
2008.10.22 14:17:25.871,1.49915,1.4993,117.80,80.40
2008.10.22 14:17:26.221,1.49915,1.49935,59.80,59.90
2008.10.22 14:17:26.561,1.4992,1.4993,64.80,59.60
2008.10.22 14:17:28.031,1.4992,1.49935,68.00,60.70
2008.10.22 14:17:28.311,1.4992,1.4994,64.80,75.30
2008.10.22 14:17:28.721,1.4992,1.4994,120.80,113.50
2008.10.22 14:17:29.121,1.49915,1.4993,135.00,88.60
2008.10.22 14:17:29.360,1.4992,1.4993,111.60,84.30
2008.10.22 14:17:29.650,1.49915,1.4993,118.20,60.30
2008.10.22 14:17:30.970,1.49915,1.4993,140.00,86.70
2008.10.22 14:17:31.420,1.499,1.49935,107.30,95.20
2008.10.22 14:17:32.120,1.499,1.4994,64.10,65.70
2008.10.22 14:17:32.630,1.499,1.4994,60.50,65.00
2008.10.22 14:17:32.740,1.499,1.4994,90.10,65.00
2008.10.22 14:17:32.970,1.499,1.4994,91.80,62.90
2008.10.22 14:17:33.320,1.499,1.4994,121.15,82.60
2008.10.22 14:17:33.489,1.49905,1.4994,125.50,92.60
2008.10.22 14:17:33.829,1.4991,1.49945,68.50,128.00
2008.10.22 14:17:34.219,1.4992,1.49945,63.50,100.60
2008.10.22 14:17:34.579,1.49925,1.4995,153.30,110.50
2008.10.22 14:17:34.869,1.49925,1.4995,123.50,110.90
2008.10.22 14:17:35.219,1.49925,1.4995,122.80,111.20
2008.10.22 14:17:35.739,1.49925,1.4995,186.80,111.70
2008.10.22 14:17:36.029,1.49925,1.4995,209.90,72.00
2008.10.22 14:17:36.309,1.49925,1.4995,214.40,92.00
2008.10.22 14:17:36.659,1.49925,1.49955,214.90,89.30
2008.10.22 14:17:36.839,1.4992,1.49945,213.60,89.60
2008.10.22 14:17:37.418,1.4992,1.4995,64.70,76.90
2008.10.22 14:17:37.818,1.49925,1.4995,76.00,47.50
2008.10.22 14:17:38.338,1.49925,1.4995,58.20,76.10
2008.10.22 14:17:38.738,1.49925,1.4995,61.80,49.30
2008.10.22 14:17:39.618,1.49925,1.4994,63.00,86.00
2008.10.22 14:17:40.198,1.49925,1.49945,85.40,100.30
2008.10.22 14:17:40.998,1.49925,1.49945,85.40,74.70
2008.10.22 14:17:41.467,1.49925,1.4994,109.40,74.80
2008.10.22 14:17:42.047,1.49925,1.4994,117.60,73.30
2008.10.22 14:17:42.627,1.49925,1.49935,120.40,78.60
2008.10.22 14:17:43.297,1.49925,1.49935,111.00,124.70
2008.10.22 14:17:44.567,1.4992,1.49935,150.50,137.30
2008.10.22 14:17:44.907,1.4992,1.49935,146.90,70.50
2008.10.22 14:17:45.766,1.4992,1.49935,81.40,79.30
2008.10.22 14:17:46.107,1.4992,1.4993,62.00,76.50
2008.10.22 14:17:46.446,1.4991,1.49915,54.30,51.60
2008.10.22 14:17:46.826,1.49885,1.4992,106.80,77.20
2008.10.22 14:17:47.176,1.49885,1.49915,100.75,104.80
2008.10.22 14:17:47.656,1.49885,1.49915,160.45,104.40
2008.10.22 14:17:47.996,1.499,1.49915,108.20,51.80
2008.10.22 14:17:48.466,1.499,1.4992,97.00,53.30
2008.10.22 14:17:48.926,1.4991,1.4992,99.20,62.40
2008.10.22 14:17:49.386,1.49915,1.4993,61.10,136.50
2008.10.22 14:17:49.675,1.4992,1.4994,64.60,94.80
2008.10.22 14:17:49.905,1.4992,1.4994,92.00,129.40
2008.10.22 14:17:50.195,1.4992,1.4994,100.00,58.30
2008.10.22 14:17:50.365,1.4992,1.49945,149.60,80.80
2008.10.22 14:17:50.775,1.4992,1.4995,151.00,100.00
2008.10.22 14:17:51.125,1.4992,1.4995,118.10,136.00
2008.10.22 14:17:51.515,1.4992,1.4994,125.50,176.80
2008.10.22 14:17:52.075,1.4992,1.4994,132.40,70.10
2008.10.22 14:17:52.305,1.4992,1.4993,167.60,69.80
2008.10.22 14:17:52.645,1.49915,1.4993,167.90,73.00
2008.10.22 14:17:52.885,1.4992,1.4994,204.30,141.70
2008.10.22 14:17:55.104,1.49915,1.4994,81.60,68.50
2008.10.22 14:17:55.394,1.49925,1.4994,104.20,81.10
2008.10.22 14:17:55.674,1.49935,1.4994,95.80,105.30
2008.10.22 14:17:56.024,1.4993,1.4994,80.50,81.00
2008.10.22 14:17:56.374,1.49915,1.4994,73.50,112.80
2008.10.22 14:17:56.834,1.49915,1.4994,73.10,97.30
2008.10.22 14:17:57.063,1.4991,1.4994,81.95,85.20
2008.10.22 14:17:57.353,1.4991,1.4994,113.15,113.80
2008.10.22 14:17:57.813,1.49915,1.4994,117.30,123.00
2008.10.22 14:17:58.103,1.4991,1.4994,115.15,117.00
2008.10.22 14:17:58.383,1.4991,1.4994,153.75,121.80
2008.10.22 14:17:58.844,1.49915,1.4994,126.40,128.40
2008.10.22 14:17:59.173,1.49915,1.4994,100.90,141.70
2008.10.22 14:17:59.523,1.49915,1.4994,76.70,106.80
2008.10.22 14:18:00.623,1.4991,1.4994,220.70,85.80
2008.10.22 14:18:01.083,1.49915,1.4994,179.90,90.80
2008.10.22 14:18:01.433,1.49915,1.4994,264.60,129.40
2008.10.22 14:18:01.713,1.49915,1.4994,263.00,152.30
2008.10.22 14:18:02.003,1.49915,1.4994,264.60,154.70
2008.10.22 14:18:03.882,1.4992,1.4994,122.50,152.30
2008.10.22 14:18:04.172,1.4992,1.4994,81.70,112.40
2008.10.22 14:18:04.532,1.4993,1.4994,68.50,91.70
2008.10.22 14:18:08.231,1.49935,1.4994,150.20,70.90
2008.10.22 14:18:10.771,1.4993,1.4994,78.70,66.50
2008.10.22 14:18:11.180,1.49935,1.4994,91.50,67.90
2008.10.22 14:18:11.520,1.49935,1.4994,98.30,108.40
2008.10.22 14:18:11.870,1.4993,1.4994,83.40,108.40
2008.10.22 14:18:13.170,1.49935,1.4994,120.70,121.20
2008.10.22 14:18:13.550,1.4993,1.4994,149.60,124.40
2008.10.22 14:18:13.940,1.49935,1.4994,57.70,111.80
2008.10.22 14:18:15.909,1.49935,1.4994,85.90,116.80
2008.10.22 14:18:16.139,1.49935,1.4994,101.80,140.40
2008.10.22 14:18:16.709,1.49935,1.4994,98.00,140.40
2008.10.22 14:18:17.049,1.49935,1.4994,92.90,140.40
2008.10.22 14:18:17.519,1.4993,1.4994,112.20,143.60
2008.10.22 14:18:17.699,1.49935,1.4994,64.70,151.60
2008.10.22 14:18:18.788,1.4993,1.4994,74.50,180.40
2008.10.22 14:18:19.078,1.49935,1.4994,87.10,189.50
2008.10.22 14:18:20.708,1.4993,1.4994,107.60,90.80
2008.10.22 14:18:21.008,1.4993,1.4994,76.60,125.10
2008.10.22 14:18:21.978,1.4993,1.4994,58.50,123.10
2008.10.22 14:18:22.267,1.49935,1.4994,77.80,100.60
2008.10.22 14:18:23.927,1.49935,1.4994,120.70,93.50
2008.10.22 14:18:24.048,1.49935,1.4994,87.10,87.10
2008.10.22 14:18:24.277,1.4993,1.4994,82.60,89.00
2008.10.22 14:18:24.617,1.4993,1.4994,71.10,110.60
2008.10.22 14:18:24.787,1.49925,1.4994,89.30,173.40
2008.10.22 14:18:26.857,1.4992,1.4994,98.60,94.30
2008.10.22 14:18:27.257,1.49925,1.4994,83.10,137.50
2008.10.22 14:18:27.796,1.4993,1.4994,112.30,148.40
2008.10.22 14:18:28.096,1.49925,1.4994,92.70,152.10
2008.10.22 14:18:28.556,1.4994,1.49965,89.00,154.80
2008.10.22 14:18:29.016,1.49925,1.4994,99.10,194.30
2008.10.22 14:18:29.776,1.49925,1.49935,167.80,159.80
2008.10.22 14:18:30.246,1.49925,1.4994,76.90,156.00
2008.10.22 14:18:30.465,1.49915,1.4994,97.80,187.00
2008.10.22 14:18:30.875,1.49915,1.4994,116.90,67.50
2008.10.22 14:18:31.285,1.4992,1.4994,131.70,96.30
2008.10.22 14:18:31.575,1.49915,1.4994,98.00,85.70
2008.10.22 14:18:32.036,1.49915,1.4994,104.80,120.60
2008.10.22 14:18:32.735,1.49925,1.4994,101.80,99.80
2008.10.22 14:18:34.725,1.49925,1.4994,104.80,87.80
2008.10.22 14:18:34.955,1.49925,1.4994,80.80,83.30
2008.10.22 14:18:35.255,1.49925,1.4994,96.70,113.20
2008.10.22 14:18:35.785,1.49925,1.4994,116.20,84.30
2008.10.22 14:18:36.024,1.49915,1.4994,132.00,103.30
2008.10.22 14:18:36.324,1.49915,1.4994,132.50,130.80
2008.10.22 14:18:37.024,1.49915,1.4994,132.50,161.50
2008.10.22 14:18:37.354,1.49915,1.4994,135.20,93.10
2008.10.22 14:18:37.804,1.4993,1.4994,74.10,111.00
2008.10.22 14:18:38.904,1.4993,1.4994,71.40,83.10
2008.10.22 14:18:41.323,1.4993,1.4994,81.00,94.00
2008.10.22 14:18:44.702,1.4994,1.4996,78.40,140.50
2008.10.22 14:18:45.982,1.4994,1.4996,93.90,68.90
2008.10.22 14:18:47.922,1.49935,1.4994,82.30,71.00
2008.10.22 14:18:48.681,1.49935,1.4994,96.10,103.00
2008.10.22 14:18:50.611,1.49945,1.4996,99.40,65.10
2008.10.22 14:18:51.011,1.49935,1.4994,71.40,87.40
2008.10.22 14:18:51.241,1.49935,1.4994,69.80,87.40
