2015.03.20 09:00:00.230,1.05509,1.05525,1.17,1.00
2015.03.20 09:00:00.687,1.05515,1.05531,1.00,1.00
2015.03.20 09:00:00.790,1.05517,1.05533,1.00,1.00
2015.03.20 09:00:01.094,1.05521,1.05537,1.00,1.00
2015.03.20 09:00:01.656,1.05523,1.05539,1.00,1.00
2015.03.20 09:00:03.179,1.05524,1.0554,1.00,1.00
2015.03.20 09:00:03.489,1.05526,1.05542,1.00,1.00
2015.03.20 09:00:04.002,1.05527,1.05543,1.00,1.00
2015.03.20 09:00:04.307,1.05525,1.05541,1.00,1.00
2015.03.20 09:00:05.488,1.05519,1.05535,1.00,1.00
2015.03.20 09:00:06.698,1.05522,1.05538,1.00,1.00
2015.03.20 09:00:07.358,1.05523,1.05539,1.00,1.00
2015.03.20 09:00:07.662,1.05525,1.05541,1.00,1.00
2015.03.20 09:00:08.169,1.05526,1.05542,1.00,1.00
2015.03.20 09:00:09.255,1.05524,1.0554,1.00,1.00
2015.03.20 09:00:09.560,1.05517,1.05532,1.00,1.00
2015.03.20 09:00:11.187,1.05504,1.0551,1.00,2.32
2015.03.20 09:00:11.239,1.05501,1.0551,1.00,2.32
2015.03.20 09:00:11.443,1.05504,1.05512,1.00,2.32
2015.03.20 09:00:11.870,1.05498,1.05512,1.50,2.32
2015.03.20 09:00:12.073,1.05503,1.05511,1.00,2.32
2015.03.20 09:00:12.175,1.05498,1.05511,1.00,2.32
2015.03.20 09:00:12.530,1.05502,1.05516,1.00,2.32
2015.03.20 09:00:12.631,1.05509,1.0552,1.00,2.32
2015.03.20 09:00:13.306,1.05509,1.05521,1.50,2.32
2015.03.20 09:00:13.817,1.05509,1.05523,1.00,2.32
2015.03.20 09:00:14.324,1.05508,1.05523,1.00,2.32
2015.03.20 09:00:14.850,1.05508,1.05524,1.00,3.82
2015.03.20 09:00:15.526,1.05509,1.05524,1.00,2.32
2015.03.20 09:00:16.060,1.0551,1.05525,1.00,2.32
2015.03.20 09:00:16.319,1.05509,1.05523,1.00,2.32
2015.03.20 09:00:16.370,1.05502,1.05522,1.00,1.15
2015.03.20 09:00:16.421,1.05502,1.05521,1.00,2.32
2015.03.20 09:00:16.736,1.05507,1.05522,1.00,1.15
2015.03.20 09:00:18.915,1.05508,1.05521,1.00,1.15
2015.03.20 09:00:19.421,1.05507,1.05521,1.00,1.15
2015.03.20 09:00:19.949,1.05506,1.05521,1.00,1.15
2015.03.20 09:00:20.791,1.05506,1.05521,1.00,1.15
2015.03.20 09:00:24.121,1.05506,1.05521,1.00,1.15
2015.03.20 09:00:24.630,1.05505,1.05519,1.00,1.10
2015.03.20 09:00:25.143,1.05506,1.05522,1.00,1.65
2015.03.20 09:00:25.669,1.05507,1.05522,1.00,1.15
2015.03.20 09:00:29.012,1.05507,1.05523,1.00,1.50
2015.03.20 09:00:29.063,1.05509,1.05523,1.00,1.00
2015.03.20 09:00:29.114,1.05509,1.05525,1.00,1.00
2015.03.20 09:00:29.632,1.05508,1.05523,1.00,1.00
2015.03.20 09:00:29.939,1.05507,1.05521,1.00,1.00
2015.03.20 09:00:30.492,1.05507,1.05522,1.00,1.00
2015.03.20 09:00:34.078,1.05507,1.05519,1.00,1.00
2015.03.20 09:00:34.129,1.05504,1.05519,1.17,1.00
2015.03.20 09:00:34.382,1.05506,1.05522,1.00,1.00
2015.03.20 09:00:34.889,1.05507,1.05523,1.00,1.50
2015.03.20 09:00:35.394,1.05506,1.05522,1.00,1.50
2015.03.20 09:00:35.900,1.05507,1.05522,1.00,1.00
2015.03.20 09:00:39.135,1.05507,1.05519,1.00,1.00
2015.03.20 09:00:39.338,1.05506,1.05521,1.00,1.00
2015.03.20 09:00:39.592,1.05507,1.05523,1.00,1.50
2015.03.20 09:00:40.273,1.05508,1.05524,1.00,1.50
2015.03.20 09:00:40.791,1.05507,1.05523,1.00,1.00
2015.03.20 09:00:43.583,1.05506,1.0552,1.00,1.00
2015.03.20 09:00:43.635,1.05506,1.05522,1.00,1.00
2015.03.20 09:00:43.992,1.05508,1.05524,1.00,1.50
2015.03.20 09:00:44.554,1.05509,1.05525,1.00,1.00
2015.03.20 09:00:46.219,1.05508,1.05524,1.00,1.00
2015.03.20 09:00:47.287,1.05509,1.05525,1.00,1.50
2015.03.20 09:00:47.789,1.05508,1.05524,1.00,1.00
2015.03.20 09:00:48.295,1.05507,1.05523,1.00,1.00
2015.03.20 09:00:49.049,1.05508,1.05524,1.00,1.00
2015.03.20 09:00:49.564,1.05507,1.05523,1.00,1.00
2015.03.20 09:00:50.105,1.05508,1.05524,1.00,1.00
2015.03.20 09:00:50.624,1.05507,1.05523,1.00,1.00
2015.03.20 09:00:51.699,1.05506,1.05522,1.10,1.00
2015.03.20 09:00:52.003,1.05504,1.05517,1.00,1.00
2015.03.20 09:00:52.308,1.05505,1.05519,1.00,1.00
2015.03.20 09:00:52.511,1.05505,1.05521,1.00,1.00
2015.03.20 09:00:53.779,1.05506,1.05522,1.00,1.00
2015.03.20 09:00:54.650,1.05505,1.05521,1.00,1.00
2015.03.20 09:00:54.701,1.05505,1.05519,1.00,1.00
2015.03.20 09:00:55.668,1.05504,1.05519,1.00,1.00
2015.03.20 09:00:56.711,1.05504,1.0552,1.00,1.50
2015.03.20 09:00:57.022,1.05506,1.05522,1.00,1.00
2015.03.20 09:00:57.328,1.05504,1.0552,1.10,1.00
2015.03.20 09:00:57.848,1.05505,1.05521,1.00,1.00
2015.03.20 09:01:04.022,1.05504,1.0552,1.00,1.00
2015.03.20 09:01:04.885,1.05503,1.05519,1.00,1.00
2015.03.20 09:01:05.189,1.05503,1.05517,1.00,1.00
2015.03.20 09:01:05.392,1.05503,1.05519,1.00,2.25
2015.03.20 09:01:05.898,1.05503,1.05518,1.00,1.00
2015.03.20 09:01:06.103,1.05498,1.05514,4.57,1.00
2015.03.20 09:01:06.204,1.05499,1.05515,1.10,1.00
2015.03.20 09:01:06.711,1.055,1.05516,1.00,1.50
2015.03.20 09:01:07.110,1.05499,1.05512,1.10,1.00
2015.03.20 09:01:08.203,1.05499,1.05514,1.10,1.00
2015.03.20 09:01:08.950,1.05501,1.05515,1.00,1.00
2015.03.20 09:01:09.542,1.05499,1.05515,1.00,1.50
2015.03.20 09:01:09.897,1.05498,1.05512,1.00,1.00
2015.03.20 09:01:10.218,1.055,1.05512,1.00,1.00
2015.03.20 09:01:11.162,1.05501,1.05517,1.00,1.50
2015.03.20 09:01:11.747,1.05502,1.05517,1.00,1.00
2015.03.20 09:01:12.257,1.05501,1.05517,1.10,1.00
2015.03.20 09:01:12.511,1.05504,1.0552,1.00,1.00
2015.03.20 09:01:17.765,1.05503,1.05519,1.10,1.00
2015.03.20 09:01:19.419,1.05502,1.05518,1.00,1.00
2015.03.20 09:01:20.409,1.05503,1.05519,1.00,1.50
2015.03.20 09:01:20.967,1.05502,1.05518,1.00,1.00
2015.03.20 09:01:21.488,1.05501,1.05517,1.00,1.00
2015.03.20 09:01:22.041,1.05502,1.05518,1.00,1.00
2015.03.20 09:01:22.352,1.05504,1.0552,1.00,1.00
2015.03.20 09:01:22.870,1.05503,1.05519,1.00,1.00
2015.03.20 09:01:23.388,1.05502,1.05518,1.00,1.00
2015.03.20 09:01:23.915,1.05501,1.05517,1.00,1.00
2015.03.20 09:01:24.277,1.05499,1.05515,1.57,1.00
2015.03.20 09:01:24.584,1.05498,1.05513,1.00,1.00
2015.03.20 09:01:25.076,1.05497,1.05511,1.00,1.00
2015.03.20 09:01:25.696,1.05496,1.05511,1.00,1.00
2015.03.20 09:01:26.231,1.05497,1.05511,1.00,1.00
2015.03.20 09:01:26.535,1.05492,1.05509,1.22,1.00
2015.03.20 09:01:26.891,1.05492,1.05506,1.17,1.00
2015.03.20 09:01:27.930,1.0549,1.05506,1.65,1.00
2015.03.20 09:01:28.083,1.0549,1.05506,1.57,1.00
2015.03.20 09:01:28.134,1.0549,1.05504,1.10,1.50
2015.03.20 09:01:28.286,1.05485,1.05505,1.65,1.00
2015.03.20 09:01:29.616,1.05485,1.05503,1.65,1.00
2015.03.20 09:01:30.123,1.05485,1.05503,1.15,1.00
2015.03.20 09:01:30.427,1.05485,1.05501,1.15,1.00
2015.03.20 09:01:30.940,1.05485,1.05505,1.15,1.50
2015.03.20 09:01:31.244,1.05497,1.05506,1.00,1.00
2015.03.20 09:01:31.750,1.05498,1.05507,1.00,1.00
2015.03.20 09:01:35.202,1.05498,1.05508,1.00,1.00
2015.03.20 09:01:35.818,1.05505,1.05514,1.00,2.32
2015.03.20 09:01:35.870,1.05505,1.0552,1.00,1.00
2015.03.20 09:01:35.922,1.05503,1.0552,1.00,1.00
2015.03.20 09:01:35.973,1.05518,1.05534,1.00,1.50
2015.03.20 09:01:36.178,1.05527,1.05548,1.00,2.32
2015.03.20 09:01:36.229,1.05527,1.0554,1.00,1.00
2015.03.20 09:01:36.280,1.05524,1.0554,1.00,1.00
2015.03.20 09:01:36.383,1.05526,1.05538,1.00,1.00
2015.03.20 09:01:36.688,1.05524,1.05537,1.00,1.00
2015.03.20 09:01:37.245,1.05524,1.05539,1.00,1.00
2015.03.20 09:01:37.600,1.05527,1.05539,1.00,1.00
2015.03.20 09:01:43.228,1.05526,1.05539,1.00,1.00
2015.03.20 09:01:44.836,1.05525,1.05537,1.00,1.00
2015.03.20 09:01:45.298,1.05527,1.05538,1.00,1.00
2015.03.20 09:01:45.400,1.05527,1.05545,1.00,1.17
2015.03.20 09:01:45.906,1.05527,1.05545,1.00,1.10
2015.03.20 09:01:50.478,1.05532,1.05544,1.00,1.00
2015.03.20 09:01:50.943,1.05529,1.05543,1.00,1.00
2015.03.20 09:01:51.046,1.05529,1.05542,1.37,1.00
2015.03.20 09:01:51.097,1.05529,1.05544,1.37,1.00
2015.03.20 09:01:51.199,1.05533,1.05551,1.12,3.07
2015.03.20 09:01:51.555,1.05531,1.05546,1.00,1.00
2015.03.20 09:01:52.076,1.05531,1.05545,1.00,1.00
2015.03.20 09:01:52.557,1.05529,1.05544,1.00,1.00
2015.03.20 09:01:53.083,1.05531,1.05544,1.00,1.00
2015.03.20 09:01:53.286,1.05529,1.05544,1.00,1.00
2015.03.20 09:01:54.517,1.05529,1.05543,1.00,1.00
2015.03.20 09:01:55.972,1.05527,1.05543,1.00,1.00
2015.03.20 09:01:57.320,1.05529,1.05543,1.00,1.00
2015.03.20 09:01:59.923,1.05527,1.05543,1.00,1.00
2015.03.20 09:02:01.616,1.05528,1.05544,1.00,1.00
2015.03.20 09:02:02.124,1.05529,1.05545,1.00,1.00
2015.03.20 09:02:02.666,1.05528,1.05544,1.00,1.00
2015.03.20 09:02:07.356,1.05527,1.05543,1.00,1.00
2015.03.20 09:02:10.658,1.05526,1.05542,1.00,1.00
2015.03.20 09:02:10.760,1.05528,1.05544,1.00,1.00
2015.03.20 09:02:12.628,1.05527,1.05543,1.00,1.00
2015.03.20 09:02:13.298,1.05526,1.05542,1.00,1.00
2015.03.20 09:02:13.805,1.05527,1.05543,1.00,1.00
2015.03.20 09:02:15.599,1.05525,1.05541,1.00,1.00
2015.03.20 09:02:16.106,1.05526,1.05542,1.00,1.00
2015.03.20 09:02:16.613,1.05527,1.05543,1.50,1.00
2015.03.20 09:02:16.918,1.05534,1.0555,1.00,1.07
2015.03.20 09:02:17.020,1.05532,1.05548,1.00,1.00
2015.03.20 09:02:18.433,1.05534,1.0555,1.00,1.00
2015.03.20 09:02:18.945,1.05535,1.05551,1.00,1.00
2015.03.20 09:02:19.249,1.0554,1.05556,1.00,1.00
2015.03.20 09:02:19.858,1.05537,1.05553,1.00,1.00
2015.03.20 09:02:20.364,1.05536,1.05552,1.00,1.00
2015.03.20 09:02:20.872,1.05535,1.05551,1.00,1.00
2015.03.20 09:02:24.749,1.05536,1.05551,1.00,1.00
2015.03.20 09:02:25.918,1.05536,1.0555,1.00,1.00
2015.03.20 09:02:26.020,1.05533,1.05549,1.00,1.00
2015.03.20 09:02:28.595,1.05532,1.05548,1.50,1.00
2015.03.20 09:02:29.101,1.05532,1.05547,1.00,1.00
2015.03.20 09:02:30.012,1.05532,1.05548,1.50,1.00
2015.03.20 09:02:30.877,1.05534,1.0555,1.00,1.00
2015.03.20 09:02:31.199,1.05536,1.05552,1.00,1.00
2015.03.20 09:02:32.088,1.05535,1.0555,1.00,1.00
2015.03.20 09:02:32.397,1.05542,1.05556,1.00,1.00
2015.03.20 09:02:32.650,1.0554,1.05556,1.00,1.00
2015.03.20 09:02:33.736,1.05538,1.05554,1.00,1.00
2015.03.20 09:02:34.804,1.05539,1.05555,1.00,1.00
2015.03.20 09:02:35.949,1.05543,1.05556,1.00,1.00
2015.03.20 09:02:36.455,1.05543,1.05557,1.00,1.00
2015.03.20 09:02:37.248,1.05544,1.05565,1.00,3.82
2015.03.20 09:02:37.350,1.05544,1.05565,1.00,1.17
2015.03.20 09:02:37.401,1.05547,1.05565,1.00,1.17
2015.03.20 09:02:37.503,1.05545,1.05565,1.00,1.17
2015.03.20 09:02:37.605,1.05547,1.05565,1.00,1.10
2015.03.20 09:02:37.909,1.05542,1.05558,1.32,1.00
2015.03.20 09:02:38.263,1.05539,1.05555,1.30,1.00
2015.03.20 09:02:38.314,1.05539,1.05555,1.00,1.00
2015.03.20 09:02:46.621,1.0554,1.05555,1.00,1.00
2015.03.20 09:02:47.339,1.0554,1.05556,1.00,1.50
2015.03.20 09:02:47.492,1.05544,1.05559,1.00,1.10
2015.03.20 09:02:47.797,1.05546,1.0556,1.00,1.00
2015.03.20 09:02:48.151,1.05544,1.0556,1.00,1.50
2015.03.20 09:02:49.384,1.05542,1.05558,1.00,1.00
2015.03.20 09:02:49.859,1.05537,1.05547,2.25,1.10
2015.03.20 09:02:49.913,1.05526,1.05541,3.00,1.00
2015.03.20 09:02:51.147,1.05527,1.05541,1.10,1.00
2015.03.20 09:02:51.199,1.05527,1.05544,1.57,1.00
2015.03.20 09:02:51.351,1.05527,1.05546,1.57,1.00
2015.03.20 09:02:51.452,1.05534,1.05544,1.00,1.00
2015.03.20 09:02:51.982,1.05533,1.05544,1.00,1.00
2015.03.20 09:02:52.648,1.05527,1.05544,3.82,1.00
2015.03.20 09:02:52.958,1.05527,1.05546,1.10,1.00
2015.03.20 09:02:55.188,1.05527,1.05544,1.10,1.00
2015.03.20 09:03:00.503,1.05528,1.05544,1.00,1.00
2015.03.20 09:03:01.087,1.05529,1.05544,1.00,1.00
2015.03.20 09:03:01.493,1.05528,1.05542,1.00,1.00
2015.03.20 09:03:01.898,1.05527,1.05544,1.57,1.00
2015.03.20 09:03:02.100,1.05527,1.05546,2.40,1.00
2015.03.20 09:03:02.607,1.05528,1.05545,1.10,1.00
2015.03.20 09:03:03.735,1.05527,1.05546,3.90,1.00
2015.03.20 09:03:04.040,1.05527,1.05546,3.90,1.00
2015.03.20 09:03:19.002,1.05528,1.05548,1.65,1.00
2015.03.20 09:03:20.481,1.05528,1.05545,1.15,1.00
2015.03.20 09:03:21.465,1.05527,1.05545,1.65,1.00
2015.03.20 09:03:21.769,1.05532,1.05543,1.00,1.00
2015.03.20 09:03:22.276,1.05531,1.05543,1.00,1.00
2015.03.20 09:03:22.784,1.05531,1.05542,1.00,1.00
2015.03.20 09:03:23.088,1.05531,1.05544,1.00,1.00
2015.03.20 09:03:23.342,1.05533,1.05544,1.00,1.00
2015.03.20 09:03:23.849,1.05532,1.05543,1.00,1.00
2015.03.20 09:03:27.281,1.05532,1.05546,1.00,1.00
2015.03.20 09:03:27.635,1.05532,1.05544,1.00,1.00
2015.03.20 09:03:28.192,1.05533,1.05544,1.00,1.00
2015.03.20 09:03:28.243,1.05533,1.05549,1.00,1.50
2015.03.20 09:03:28.294,1.05535,1.05549,1.00,1.00
2015.03.20 09:03:30.123,1.05535,1.05546,1.00,1.00
2015.03.20 09:03:30.643,1.05534,1.05545,1.00,1.00
2015.03.20 09:03:31.390,1.05533,1.05545,1.00,1.00
2015.03.20 09:03:31.997,1.05533,1.05546,1.00,1.00
2015.03.20 09:03:32.507,1.05533,1.05545,1.00,1.00
2015.03.20 09:03:32.965,1.05534,1.05549,1.00,1.00
2015.03.20 09:03:33.271,1.05537,1.05549,1.00,1.00
2015.03.20 09:03:33.423,1.05537,1.05551,1.00,1.00
2015.03.20 09:03:33.576,1.05538,1.05553,1.00,1.00
2015.03.20 09:03:33.627,1.05538,1.05549,1.00,1.00
2015.03.20 09:03:33.831,1.05538,1.05552,1.00,1.00
2015.03.20 09:03:34.336,1.05537,1.05551,1.50,1.00
2015.03.20 09:03:38.099,1.05536,1.05549,1.00,1.00
2015.03.20 09:03:38.403,1.05536,1.05547,1.00,1.00
2015.03.20 09:03:38.872,1.05536,1.0555,1.00,1.00
2015.03.20 09:03:39.075,1.05537,1.05547,1.50,1.00
2015.03.20 09:03:39.378,1.05537,1.0555,1.50,1.00
2015.03.20 09:03:39.917,1.05537,1.05549,1.50,1.00
2015.03.20 09:03:40.642,1.05536,1.05549,1.00,1.00
2015.03.20 09:03:40.744,1.05534,1.05547,1.10,1.00
2015.03.20 09:03:41.219,1.05532,1.05547,1.10,1.00
2015.03.20 09:03:41.270,1.05532,1.05549,1.10,1.00
2015.03.20 09:03:41.831,1.05535,1.05549,1.00,1.00
2015.03.20 09:03:43.599,1.05535,1.05548,1.00,1.00
2015.03.20 09:03:44.893,1.05535,1.05549,1.00,1.00
2015.03.20 09:03:45.197,1.05537,1.0555,1.00,1.00
2015.03.20 09:03:45.926,1.05538,1.05552,1.00,1.00
2015.03.20 09:03:46.433,1.05539,1.05553,1.00,1.00
2015.03.20 09:03:46.974,1.05539,1.05551,1.00,1.00
2015.03.20 09:03:47.487,1.05539,1.05552,1.00,1.00
2015.03.20 09:03:48.417,1.05537,1.05552,1.00,1.00
2015.03.20 09:03:49.435,1.05539,1.05552,1.00,1.00
2015.03.20 09:03:50.310,1.05539,1.05555,1.00,1.50
2015.03.20 09:03:50.412,1.05543,1.05555,1.00,1.00
2015.03.20 09:03:50.717,1.05545,1.05555,1.00,1.00
2015.03.20 09:03:50.769,1.05545,1.05559,1.00,1.00
2015.03.20 09:03:50.820,1.05545,1.05556,1.00,1.00
2015.03.20 09:03:51.734,1.05545,1.05555,1.50,1.00
2015.03.20 09:03:52.037,1.05545,1.05559,1.50,1.00
2015.03.20 09:03:52.240,1.05545,1.05555,1.50,1.00
2015.03.20 09:03:52.723,1.05545,1.05551,1.50,1.00
2015.03.20 09:03:53.596,1.05545,1.05557,1.50,1.00
2015.03.20 09:03:54.435,1.05545,1.05555,1.50,1.00
2015.03.20 09:03:54.538,1.05545,1.05559,1.50,1.00
2015.03.20 09:03:54.843,1.05545,1.05555,1.00,1.00
2015.03.20 09:03:55.344,1.05545,1.05554,1.50,1.00
2015.03.20 09:03:55.749,1.05545,1.05557,1.50,1.00
2015.03.20 09:03:56.026,1.05545,1.05561,1.50,1.50
2015.03.20 09:03:56.331,1.05546,1.05558,1.00,1.00
2015.03.20 09:03:56.839,1.05546,1.05559,1.00,1.00
2015.03.20 09:03:57.843,1.05546,1.0556,1.00,1.50
2015.03.20 09:03:58.328,1.05548,1.0556,1.00,1.00
2015.03.20 09:03:59.014,1.05548,1.05562,1.00,1.00
2015.03.20 09:03:59.521,1.05548,1.05561,1.00,1.00
2015.03.20 09:03:59.725,1.05548,1.05559,1.00,1.00
2015.03.20 09:03:59.827,1.05548,1.05562,1.00,1.00
2015.03.20 09:04:00.234,1.05546,1.05561,1.00,1.50
2015.03.20 09:04:00.740,1.05545,1.0556,1.00,1.50
2015.03.20 09:04:01.146,1.05545,1.05558,1.00,1.00
2015.03.20 09:04:01.299,1.05543,1.05558,1.00,1.00
2015.03.20 09:04:01.452,1.05541,1.05557,1.00,1.00
2015.03.20 09:04:02.262,1.05541,1.05555,1.50,1.00
2015.03.20 09:04:02.566,1.05541,1.05557,1.50,1.00
2015.03.20 09:04:03.522,1.05541,1.05556,1.00,1.00
2015.03.20 09:04:04.406,1.0554,1.05556,1.50,1.00
2015.03.20 09:04:04.562,1.0554,1.05554,1.50,1.00
2015.03.20 09:04:04.867,1.05539,1.05552,1.50,1.00
2015.03.20 09:04:05.272,1.05538,1.05554,1.00,1.50
2015.03.20 09:04:06.350,1.05537,1.05553,1.50,1.00
2015.03.20 09:04:06.867,1.05537,1.05552,1.87,1.00
2015.03.20 09:04:11.689,1.05537,1.05549,1.00,1.00
2015.03.20 09:04:11.893,1.05535,1.05551,1.00,1.00
2015.03.20 09:04:11.996,1.05535,1.05549,1.00,1.00
2015.03.20 09:04:13.183,1.05536,1.05551,1.00,1.00
2015.03.20 09:04:13.640,1.05539,1.05552,1.00,1.00
2015.03.20 09:04:13.944,1.05541,1.05555,1.00,1.00
2015.03.20 09:04:14.430,1.0554,1.05553,1.00,1.00
2015.03.20 09:04:15.894,1.0554,1.05555,1.12,1.00
2015.03.20 09:04:15.995,1.05542,1.05556,1.00,1.00
2015.03.20 09:04:22.389,1.05539,1.05555,1.50,1.50
2015.03.20 09:04:22.542,1.05539,1.05553,1.50,1.00
2015.03.20 09:04:24.176,1.05538,1.05553,1.12,1.00
2015.03.20 09:04:24.530,1.0554,1.05554,1.00,1.00
2015.03.20 09:04:24.834,1.05546,1.05556,1.00,1.00
2015.03.20 09:04:25.037,1.05546,1.05562,1.00,1.15
2015.03.20 09:04:25.138,1.05546,1.05558,1.00,1.00
2015.03.20 09:04:25.341,1.05546,1.05562,1.00,1.10
2015.03.20 09:04:25.442,1.05546,1.05559,1.00,1.00
2015.03.20 09:04:25.645,1.05546,1.05562,1.00,1.00
2015.03.20 09:04:26.151,1.05546,1.05563,1.87,1.00
2015.03.20 09:04:28.026,1.05547,1.05563,1.00,1.00
2015.03.20 09:04:28.579,1.05547,1.05564,1.00,1.00
2015.03.20 09:04:29.037,1.05549,1.05564,1.00,1.00
2015.03.20 09:04:29.597,1.05549,1.05563,1.00,1.00
2015.03.20 09:04:29.851,1.05549,1.05566,1.00,1.00
2015.03.20 09:04:30.502,1.05549,1.05564,1.00,1.00
2015.03.20 09:04:36.595,1.05546,1.05564,2.02,1.00
2015.03.20 09:04:36.697,1.05547,1.05566,1.47,1.00
2015.03.20 09:04:36.798,1.0555,1.05567,1.12,1.00
2015.03.20 09:04:37.102,1.05553,1.05572,1.37,1.65
2015.03.20 09:04:37.154,1.05554,1.05572,1.12,1.07
2015.03.20 09:04:37.259,1.05556,1.05573,1.00,1.10
2015.03.20 09:04:37.562,1.05552,1.05566,1.00,1.00
2015.03.20 09:04:38.646,1.05554,1.05561,1.00,1.00
2015.03.20 09:04:38.698,1.0555,1.05561,1.00,1.00
2015.03.20 09:04:39.229,1.0555,1.05562,1.00,1.00
2015.03.20 09:04:39.939,1.05547,1.05562,1.10,1.00
2015.03.20 09:04:40.447,1.05547,1.05561,1.10,1.00
2015.03.20 09:04:42.627,1.05547,1.05561,1.47,1.00
2015.03.20 09:04:42.729,1.0555,1.05561,1.50,1.00
2015.03.20 09:04:42.779,1.0555,1.05563,1.50,1.00
2015.03.20 09:04:42.830,1.05552,1.05563,1.00,1.00
2015.03.20 09:04:44.173,1.05554,1.05566,1.00,1.00
2015.03.20 09:04:44.681,1.05553,1.05565,1.00,1.00
2015.03.20 09:04:45.191,1.05553,1.05564,1.00,1.00
2015.03.20 09:04:46.843,1.05553,1.05565,1.00,1.50
2015.03.20 09:04:49.687,1.05553,1.05563,1.00,1.00
2015.03.20 09:04:50.180,1.05553,1.05561,1.00,1.00
2015.03.20 09:04:50.455,1.05553,1.05565,1.00,1.50
2015.03.20 09:04:52.691,1.05553,1.05562,1.00,1.00
2015.03.20 09:04:52.793,1.05553,1.05565,1.00,1.50
2015.03.20 09:04:53.300,1.05553,1.05562,1.00,1.00
2015.03.20 09:04:53.681,1.05553,1.05565,1.00,1.50
2015.03.20 09:04:54.807,1.05553,1.05562,1.00,1.00
2015.03.20 09:04:54.908,1.05553,1.05565,1.00,1.00
2015.03.20 09:05:11.428,1.05554,1.05565,1.00,1.00
2015.03.20 09:05:11.935,1.05555,1.05566,1.00,1.00
2015.03.20 09:05:12.441,1.05556,1.05567,1.00,1.50
2015.03.20 09:05:16.202,1.05556,1.05567,1.37,1.00
2015.03.20 09:05:16.776,1.05556,1.05568,1.37,1.00
2015.03.20 09:05:18.176,1.05557,1.05567,1.37,1.00
2015.03.20 09:05:18.683,1.05557,1.05568,1.37,1.00
2015.03.20 09:05:19.934,1.05557,1.05568,1.37,1.00
2015.03.20 09:05:22.150,1.05557,1.05567,1.37,1.00
2015.03.20 09:05:22.660,1.05557,1.05567,1.37,1.00
2015.03.20 09:05:23.168,1.05557,1.05566,1.12,1.00
2015.03.20 09:05:25.821,1.05552,1.05566,1.37,1.00
2015.03.20 09:05:25.973,1.05552,1.05562,1.12,1.00
2015.03.20 09:05:26.075,1.0555,1.05562,1.00,1.00
2015.03.20 09:05:26.177,1.05546,1.05561,2.77,1.00
2015.03.20 09:05:26.584,1.05546,1.05561,1.20,1.00
2015.03.20 09:05:26.737,1.05545,1.05559,1.17,1.00
2015.03.20 09:05:27.142,1.05546,1.05556,1.00,1.00
2015.03.20 09:05:27.301,1.05546,1.05559,1.00,1.00
2015.03.20 09:05:27.352,1.05546,1.05559,1.37,1.00
2015.03.20 09:05:28.000,1.05546,1.0556,1.37,1.50
2015.03.20 09:05:28.611,1.05546,1.05558,1.37,1.00
2015.03.20 09:05:28.815,1.05548,1.0556,1.37,1.00
2015.03.20 09:05:29.072,1.05548,1.0556,1.37,1.00
2015.03.20 09:05:31.496,1.05548,1.05559,1.37,1.00
2015.03.20 09:05:32.037,1.05548,1.05559,1.37,1.00
2015.03.20 09:05:35.660,1.05548,1.05561,1.37,1.50
2015.03.20 09:05:35.762,1.05548,1.05559,1.37,1.00
2015.03.20 09:05:36.676,1.05548,1.05557,1.37,1.00
2015.03.20 09:05:36.777,1.05548,1.0556,1.37,1.50
2015.03.20 09:05:37.283,1.05548,1.05561,1.37,1.00
2015.03.20 09:05:37.943,1.05548,1.0556,1.37,1.00
2015.03.20 09:05:38.546,1.05548,1.05561,1.37,1.50
2015.03.20 09:05:39.085,1.05548,1.05561,1.37,1.50
2015.03.20 09:05:40.164,1.05547,1.05561,1.37,1.50
2015.03.20 09:05:40.705,1.05547,1.05557,1.00,1.00
2015.03.20 09:05:40.757,1.05544,1.05557,1.00,1.00
2015.03.20 09:05:42.257,1.05545,1.05554,1.00,1.00
2015.03.20 09:05:42.951,1.05544,1.05554,1.00,1.00
2015.03.20 09:05:43.312,1.05544,1.05557,1.12,1.00
2015.03.20 09:05:43.515,1.05544,1.05556,1.37,1.00
2015.03.20 09:05:43.616,1.05546,1.0556,1.12,1.00
2015.03.20 09:05:43.819,1.05546,1.05561,1.37,1.00
2015.03.20 09:05:44.124,1.05546,1.05561,1.37,1.00
2015.03.20 09:05:44.639,1.05546,1.05561,1.50,1.00
2015.03.20 09:05:45.146,1.05546,1.05561,1.37,1.50
2015.03.20 09:05:45.197,1.05546,1.05561,1.12,1.50
2015.03.20 09:05:45.743,1.05546,1.05556,1.12,1.00
2015.03.20 09:05:46.249,1.05546,1.05557,1.12,1.00
2015.03.20 09:05:46.351,1.05546,1.0556,1.12,1.00
2015.03.20 09:05:47.917,1.05545,1.05558,1.37,1.00
2015.03.20 09:05:48.428,1.05544,1.05559,1.95,1.00
2015.03.20 09:05:48.531,1.05544,1.05558,1.95,1.00
2015.03.20 09:05:48.633,1.05544,1.05555,1.10,1.00
2015.03.20 09:05:49.142,1.05543,1.05555,1.00,1.00
2015.03.20 09:05:49.869,1.05545,1.05555,1.00,1.00
2015.03.20 09:05:50.521,1.05544,1.05555,1.00,1.00
2015.03.20 09:05:51.681,1.05544,1.05557,1.00,1.00
2015.03.20 09:05:53.364,1.05545,1.05559,1.00,1.00
2015.03.20 09:05:53.567,1.05545,1.05561,1.37,1.00
2015.03.20 09:05:53.873,1.05549,1.05563,1.00,1.00
2015.03.20 09:05:54.177,1.05551,1.05561,1.00,1.00
2015.03.20 09:05:54.228,1.05548,1.05561,1.12,1.00
2015.03.20 09:05:54.482,1.05548,1.05563,1.00,1.50
2015.03.20 09:05:56.085,1.0555,1.05563,1.00,1.00
2015.03.20 09:05:56.390,1.05552,1.05564,1.00,1.00
2015.03.20 09:05:56.795,1.05553,1.05566,1.00,1.00
2015.03.20 09:05:57.390,1.0555,1.05566,1.87,1.00
2015.03.20 09:06:01.830,1.05551,1.05565,1.12,1.00
2015.03.20 09:06:02.955,1.0555,1.05565,1.00,1.00
2015.03.20 09:06:04.290,1.0555,1.05563,1.00,1.00
2015.03.20 09:06:04.809,1.0555,1.05562,1.00,1.00
2015.03.20 09:06:05.125,1.05547,1.05562,1.12,1.00
2015.03.20 09:06:05.648,1.05546,1.05562,1.57,1.50
2015.03.20 09:06:07.700,1.05545,1.05561,1.17,1.00
2015.03.20 09:06:08.300,1.05545,1.05561,1.00,1.00
2015.03.20 09:06:08.351,1.05544,1.05558,1.10,1.00
2015.03.20 09:06:11.298,1.05544,1.0556,1.00,1.50
2015.03.20 09:06:11.500,1.05545,1.05557,1.00,1.00
2015.03.20 09:06:12.006,1.05544,1.05557,1.00,1.00
2015.03.20 09:06:13.920,1.05543,1.05557,1.00,1.00
2015.03.20 09:06:15.108,1.05545,1.05558,1.00,1.00
2015.03.20 09:06:23.221,1.05544,1.05557,1.00,1.00
2015.03.20 09:06:24.348,1.05544,1.05558,1.00,1.00
2015.03.20 09:06:24.964,1.05543,1.05556,1.00,1.00
2015.03.20 09:06:25.230,1.05544,1.05559,1.00,1.50
2015.03.20 09:06:28.574,1.05544,1.0556,2.25,1.00
2015.03.20 09:06:29.591,1.05544,1.05558,2.62,1.00
2015.03.20 09:06:31.056,1.05544,1.0556,2.62,1.00
2015.03.20 09:06:32.328,1.05544,1.0556,2.25,1.00
2015.03.20 09:06:32.835,1.05544,1.05559,1.00,1.00
2015.03.20 09:06:33.432,1.05544,1.0556,1.50,1.50
2015.03.20 09:06:35.188,1.05544,1.0556,1.87,1.00
2015.03.20 09:06:36.920,1.05544,1.05559,1.37,1.00
2015.03.20 09:06:37.452,1.05545,1.0556,1.37,1.00
2015.03.20 09:06:37.960,1.05547,1.05561,1.00,1.00
2015.03.20 09:06:38.491,1.05547,1.05561,1.87,1.00
2015.03.20 09:06:38.645,1.05551,1.05562,1.00,1.00
2015.03.20 09:06:39.000,1.05549,1.05563,1.12,1.00
2015.03.20 09:06:40.058,1.05548,1.05563,1.50,1.00
2015.03.20 09:06:40.564,1.05548,1.05562,1.10,1.00
2015.03.20 09:06:40.818,1.05548,1.0556,1.00,1.00
2015.03.20 09:06:41.223,1.05547,1.05558,1.00,1.00
2015.03.20 09:06:42.624,1.05547,1.05559,1.00,1.00
2015.03.20 09:06:42.929,1.05545,1.05556,1.00,1.00
2015.03.20 09:06:43.030,1.05543,1.05556,1.00,1.00
2015.03.20 09:06:43.132,1.05543,1.05553,1.00,1.00
2015.03.20 09:06:43.183,1.05538,1.05553,1.87,1.00
2015.03.20 09:06:43.690,1.05538,1.05552,1.50,1.00
2015.03.20 09:06:44.196,1.05538,1.05549,1.00,1.00
2015.03.20 09:06:45.064,1.05538,1.05548,1.00,1.00
2015.03.20 09:06:45.935,1.05535,1.05548,1.00,1.00
2015.03.20 09:06:46.668,1.05537,1.05548,1.00,1.00
2015.03.20 09:06:46.719,1.05537,1.0555,1.12,1.00
2015.03.20 09:06:46.871,1.05539,1.05551,1.00,1.00
2015.03.20 09:06:47.176,1.05539,1.05548,1.00,1.00
2015.03.20 09:06:47.806,1.05539,1.0555,1.00,1.50
2015.03.20 09:06:48.950,1.05539,1.05551,1.00,1.00
2015.03.20 09:06:49.816,1.05539,1.05556,1.00,1.15
2015.03.20 09:06:49.867,1.05542,1.05556,1.00,1.07
2015.03.20 09:06:49.918,1.05542,1.05556,1.00,1.00
2015.03.20 09:06:49.970,1.05539,1.05556,1.00,1.00
2015.03.20 09:06:50.021,1.05544,1.05556,1.00,1.00
2015.03.20 09:06:51.435,1.05544,1.05553,1.00,1.00
2015.03.20 09:06:51.487,1.05539,1.05552,1.00,1.50
2015.03.20 09:06:51.772,1.05539,1.05548,1.00,1.00
2015.03.20 09:06:51.981,1.05539,1.05551,1.00,1.00
2015.03.20 09:06:52.032,1.05539,1.05547,1.00,1.00
2015.03.20 09:06:53.064,1.05539,1.05551,1.00,1.00
2015.03.20 09:06:53.785,1.05539,1.0555,1.00,1.00
2015.03.20 09:06:53.886,1.05539,1.05546,1.00,1.00
2015.03.20 09:06:55.568,1.05539,1.0555,1.00,1.00
2015.03.20 09:06:55.771,1.05539,1.05558,1.37,1.65
2015.03.20 09:06:55.823,1.05544,1.05558,1.00,1.57
2015.03.20 09:06:56.128,1.05542,1.05552,1.00,1.00
2015.03.20 09:06:56.280,1.05542,1.05555,1.00,1.50
2015.03.20 09:06:56.786,1.05541,1.05553,1.00,1.00
2015.03.20 09:06:56.887,1.05541,1.05555,1.00,1.50
2015.03.20 09:06:56.988,1.05541,1.05553,1.00,1.00
2015.03.20 09:06:57.393,1.0554,1.0555,1.00,1.00
2015.03.20 09:06:57.902,1.0554,1.05548,1.00,1.00
2015.03.20 09:06:58.409,1.0554,1.05551,1.00,1.00
2015.03.20 09:06:58.906,1.0554,1.05548,1.00,1.00
2015.03.20 09:06:59.412,1.0554,1.05551,1.00,1.00
2015.03.20 09:06:59.665,1.0554,1.05549,1.00,1.00
2015.03.20 09:06:59.767,1.0554,1.05551,1.00,1.50
2015.03.20 09:07:00.392,1.0554,1.05547,1.00,1.00
2015.03.20 09:07:00.903,1.0554,1.05549,1.00,1.00
2015.03.20 09:07:02.401,1.0554,1.05551,1.00,1.00
2015.03.20 09:07:02.907,1.0554,1.05549,1.00,1.00
2015.03.20 09:07:03.385,1.0554,1.05547,1.00,1.00
2015.03.20 09:07:05.259,1.05542,1.05547,1.00,1.00
2015.03.20 09:07:05.312,1.05542,1.05553,1.00,1.00
2015.03.20 09:07:05.465,1.05538,1.05553,1.37,1.00
2015.03.20 09:07:05.516,1.05538,1.05551,1.00,1.00
2015.03.20 09:07:05.669,1.05536,1.0555,1.50,1.00
2015.03.20 09:07:05.771,1.05532,1.05548,1.00,1.00
2015.03.20 09:07:05.872,1.05528,1.05544,1.22,1.00
2015.03.20 09:07:05.974,1.05528,1.05543,1.00,1.00
2015.03.20 09:07:06.076,1.05527,1.0554,1.10,1.00
2015.03.20 09:07:07.828,1.05527,1.05539,1.00,1.50
2015.03.20 09:07:07.879,1.05522,1.05538,2.62,1.00
2015.03.20 09:07:09.749,1.05522,1.05538,2.62,1.00
2015.03.20 09:07:10.256,1.05523,1.05538,1.00,1.00
2015.03.20 09:07:13.857,1.05522,1.05538,1.87,1.00
2015.03.20 09:07:14.546,1.0552,1.05536,2.77,1.00
2015.03.20 09:07:14.851,1.05522,1.05535,1.37,1.00
2015.03.20 09:07:14.903,1.05523,1.05539,1.12,1.00
2015.03.20 09:07:14.954,1.05523,1.05539,1.50,1.00
2015.03.20 09:07:15.157,1.05524,1.05539,1.37,1.00
2015.03.20 09:07:15.563,1.05523,1.05539,2.32,1.00
2015.03.20 09:07:16.564,1.05522,1.05536,1.50,1.00
2015.03.20 09:07:16.717,1.05519,1.05535,1.57,1.00
2015.03.20 09:07:17.224,1.05519,1.05533,1.10,1.00
2015.03.20 09:07:17.956,1.0552,1.05534,1.00,1.00
2015.03.20 09:07:18.821,1.05517,1.05527,1.00,1.00
2015.03.20 09:07:18.875,1.05511,1.05527,1.17,1.00
2015.03.20 09:07:19.683,1.05511,1.05527,1.50,1.00
2015.03.20 09:07:21.480,1.05512,1.05528,1.00,1.00
2015.03.20 09:07:22.148,1.05513,1.05528,1.00,1.00
2015.03.20 09:07:22.676,1.05513,1.05529,1.00,1.00
2015.03.20 09:07:25.980,1.05513,1.0553,1.00,1.50
2015.03.20 09:07:26.082,1.05513,1.0553,1.37,1.00
2015.03.20 09:07:26.134,1.05516,1.05532,1.12,1.00
2015.03.20 09:07:26.338,1.05518,1.05534,1.00,1.00
2015.03.20 09:07:26.887,1.05519,1.05535,1.00,1.50
2015.03.20 09:07:31.415,1.05518,1.05534,1.00,1.00
2015.03.20 09:07:33.240,1.05515,1.05531,1.17,1.00
2015.03.20 09:07:33.544,1.05513,1.05529,1.17,1.50
2015.03.20 09:07:34.068,1.05513,1.05529,1.00,1.50
2015.03.20 09:07:35.859,1.05513,1.05526,1.00,1.00
2015.03.20 09:07:35.961,1.05513,1.05528,1.00,1.00
2015.03.20 09:07:36.469,1.05512,1.05528,1.10,1.50
2015.03.20 09:07:36.994,1.05511,1.05527,1.17,1.00
2015.03.20 09:07:37.147,1.05511,1.05525,1.17,1.00
2015.03.20 09:07:37.656,1.05511,1.05525,1.00,1.00
2015.03.20 09:07:40.621,1.0551,1.05525,1.10,1.00
2015.03.20 09:07:41.132,1.0551,1.05526,1.10,1.00
2015.03.20 09:07:42.525,1.05514,1.05529,1.00,1.00
2015.03.20 09:07:42.627,1.05514,1.05531,1.50,1.00
2015.03.20 09:07:43.135,1.05515,1.05531,1.00,1.00
2015.03.20 09:07:43.643,1.05515,1.0553,1.00,1.00
2015.03.20 09:07:43.947,1.05516,1.05532,1.00,1.00
2015.03.20 09:07:44.150,1.05518,1.05534,1.00,1.00
2015.03.20 09:07:44.809,1.05519,1.05535,1.00,1.00
2015.03.20 09:07:47.329,1.05517,1.05533,1.87,1.00
2015.03.20 09:07:47.837,1.05517,1.05533,1.17,1.00
2015.03.20 09:07:48.378,1.05518,1.05534,1.00,1.00
2015.03.20 09:07:49.149,1.05517,1.05533,1.00,1.00
2015.03.20 09:07:49.675,1.05518,1.05534,1.00,1.00
2015.03.20 09:07:55.502,1.05517,1.05533,1.00,1.00
2015.03.20 09:07:57.151,1.05516,1.05532,1.10,1.00
2015.03.20 09:07:57.751,1.05515,1.05531,1.65,1.00
2015.03.20 09:07:58.260,1.05515,1.0553,1.00,1.00
2015.03.20 09:07:58.844,1.05514,1.0553,2.70,1.00
2015.03.20 09:07:59.149,1.05512,1.05528,1.15,1.00
2015.03.20 09:07:59.251,1.05511,1.05528,1.27,1.00
2015.03.20 09:07:59.657,1.05514,1.05528,1.00,1.00
2015.03.20 09:08:00.209,1.05514,1.05529,1.12,1.00
2015.03.20 09:08:01.336,1.05515,1.05531,1.00,1.00
2015.03.20 09:08:03.524,1.05516,1.05532,1.00,1.50
2015.03.20 09:08:06.941,1.05517,1.05533,1.00,1.00
2015.03.20 09:08:13.490,1.05516,1.05532,1.17,1.00
2015.03.20 09:08:14.000,1.05517,1.05533,1.10,1.00
2015.03.20 09:08:14.856,1.05516,1.05531,1.17,1.00
2015.03.20 09:08:17.767,1.05515,1.05531,1.10,1.50
2015.03.20 09:08:17.919,1.05512,1.05528,1.15,1.00
2015.03.20 09:08:18.460,1.05511,1.05527,3.15,1.00
2015.03.20 09:08:18.966,1.05512,1.05528,1.15,1.00
2015.03.20 09:08:19.269,1.0551,1.05526,1.15,1.00
2015.03.20 09:08:19.371,1.05508,1.05524,1.17,1.00
2015.03.20 09:08:19.777,1.05507,1.05522,3.15,1.00
2015.03.20 09:08:20.335,1.05506,1.05523,1.15,1.00
2015.03.20 09:08:20.859,1.05506,1.05522,1.15,1.00
2015.03.20 09:08:22.215,1.05505,1.05521,3.07,1.00
2015.03.20 09:08:22.318,1.05504,1.0552,1.15,1.00
2015.03.20 09:08:23.256,1.05504,1.0552,1.65,1.00
2015.03.20 09:08:23.307,1.05504,1.05518,1.17,1.00
2015.03.20 09:08:24.247,1.05502,1.05518,1.10,1.00
2015.03.20 09:08:24.753,1.055,1.05516,1.15,1.00
2015.03.20 09:08:25.310,1.05501,1.05516,1.00,1.00
2015.03.20 09:08:26.188,1.055,1.05516,1.10,1.50
2015.03.20 09:08:29.841,1.05498,1.05513,1.15,1.00
2015.03.20 09:08:31.235,1.05496,1.05512,3.07,1.00
2015.03.20 09:08:31.388,1.05495,1.05511,1.15,1.00
2015.03.20 09:08:31.921,1.05495,1.05511,1.17,1.50
2015.03.20 09:08:32.532,1.05494,1.05509,1.15,1.00
2015.03.20 09:08:33.292,1.05494,1.05509,1.10,1.00
2015.03.20 09:08:34.429,1.05492,1.05508,1.15,1.00
2015.03.20 09:08:34.684,1.05492,1.05508,1.00,1.50
2015.03.20 09:08:35.141,1.05491,1.05506,1.10,1.00
2015.03.20 09:08:36.857,1.05491,1.05507,1.10,1.50
2015.03.20 09:08:38.907,1.05491,1.05507,1.47,1.50
2015.03.20 09:08:40.592,1.05493,1.05509,1.00,1.00
2015.03.20 09:08:42.347,1.05492,1.05507,1.00,1.50
2015.03.20 09:08:42.549,1.05484,1.055,1.00,1.00
2015.03.20 09:08:42.753,1.05477,1.05494,1.65,1.00
2015.03.20 09:08:42.854,1.05477,1.05494,1.00,1.00
2015.03.20 09:08:43.058,1.05477,1.05492,1.00,1.00
2015.03.20 09:08:43.160,1.05474,1.05491,1.00,1.00
2015.03.20 09:08:43.565,1.05476,1.05492,1.00,1.00
2015.03.20 09:08:44.525,1.05474,1.05491,1.00,1.00
2015.03.20 09:08:44.627,1.05471,1.05483,1.00,1.00
2015.03.20 09:08:45.963,1.05466,1.05479,1.07,1.00
2015.03.20 09:08:46.014,1.05466,1.05479,1.00,1.00
2015.03.20 09:08:46.876,1.05466,1.0548,1.00,1.00
2015.03.20 09:08:47.384,1.05466,1.05479,1.00,1.00
2015.03.20 09:08:47.937,1.05466,1.0548,1.00,1.00
2015.03.20 09:08:48.552,1.05465,1.0548,1.10,1.00
2015.03.20 09:08:49.082,1.05465,1.05479,1.10,1.00
2015.03.20 09:08:49.286,1.05465,1.05481,1.10,1.00
2015.03.20 09:08:50.716,1.05467,1.05481,1.00,1.00
2015.03.20 09:08:51.223,1.05468,1.05481,1.00,1.00
2015.03.20 09:08:51.686,1.05465,1.05481,1.10,1.00
2015.03.20 09:08:51.889,1.05467,1.05481,1.50,1.00
2015.03.20 09:08:52.430,1.05467,1.0548,1.00,1.00
2015.03.20 09:08:53.686,1.05468,1.0548,1.00,1.00
2015.03.20 09:08:53.990,1.05466,1.0548,1.00,1.00
2015.03.20 09:08:54.517,1.05466,1.05481,1.50,1.00
2015.03.20 09:08:55.032,1.05477,1.05489,1.00,1.15
2015.03.20 09:08:55.084,1.05479,1.0549,1.00,1.65
2015.03.20 09:08:55.136,1.05474,1.0549,1.37,1.17
2015.03.20 09:08:55.240,1.05475,1.05494,1.10,1.50
2015.03.20 09:08:55.884,1.05475,1.05492,1.95,1.00
2015.03.20 09:08:56.743,1.05475,1.05491,1.10,1.00
2015.03.20 09:08:58.636,1.05476,1.05492,1.00,1.00
2015.03.20 09:08:59.144,1.05475,1.05491,1.00,1.00
2015.03.20 09:09:02.153,1.05476,1.05492,1.00,1.00
2015.03.20 09:09:02.686,1.05475,1.05491,1.00,1.00
2015.03.20 09:09:06.425,1.05471,1.05487,1.87,1.00
2015.03.20 09:09:06.729,1.05473,1.05486,1.00,1.00
2015.03.20 09:09:06.780,1.05471,1.05486,1.00,1.00
2015.03.20 09:09:07.298,1.05471,1.05485,1.00,1.00
2015.03.20 09:09:08.285,1.05469,1.05485,1.27,1.00
2015.03.20 09:09:08.489,1.05467,1.05483,1.72,1.00
2015.03.20 09:09:08.693,1.05466,1.05483,1.47,1.00
2015.03.20 09:09:08.744,1.05469,1.05485,1.00,1.00
2015.03.20 09:09:09.259,1.0547,1.05486,1.00,1.50
2015.03.20 09:09:09.810,1.05469,1.05485,1.12,1.00
2015.03.20 09:09:09.911,1.05469,1.05485,1.37,1.00
2015.03.20 09:09:10.114,1.05469,1.05485,1.12,1.50
2015.03.20 09:09:11.435,1.05468,1.05484,1.10,1.50
2015.03.20 09:09:11.949,1.05469,1.05484,1.00,1.00
2015.03.20 09:09:14.149,1.05469,1.05483,1.00,1.00
2015.03.20 09:09:17.863,1.05469,1.05484,1.12,1.00
2015.03.20 09:09:18.410,1.0547,1.05484,1.00,1.00
2015.03.20 09:09:22.683,1.0547,1.05486,1.00,1.10
2015.03.20 09:09:23.224,1.0547,1.05485,1.00,1.00
2015.03.20 09:09:25.885,1.0547,1.05483,1.00,1.00
2015.03.20 09:09:25.936,1.05465,1.05483,1.27,1.00
2015.03.20 09:09:25.987,1.05465,1.05481,1.27,1.00
2015.03.20 09:09:26.495,1.05471,1.05481,1.00,1.00
2015.03.20 09:09:26.597,1.05467,1.05481,1.00,1.00
2015.03.20 09:09:26.902,1.05463,1.0548,1.17,1.00
2015.03.20 09:09:27.004,1.05467,1.0548,1.00,1.00
2015.03.20 09:09:27.105,1.05463,1.05479,1.17,1.00
2015.03.20 09:09:27.613,1.05463,1.05479,1.00,1.00
2015.03.20 09:09:28.019,1.05466,1.05479,1.00,1.00
2015.03.20 09:09:28.120,1.05463,1.05479,1.00,1.00
2015.03.20 09:09:31.525,1.05463,1.05478,1.00,1.00
2015.03.20 09:09:31.829,1.05461,1.05476,1.12,1.00
2015.03.20 09:09:32.336,1.05462,1.05475,1.00,1.00
2015.03.20 09:09:32.438,1.0546,1.05475,1.00,1.00
2015.03.20 09:09:32.641,1.05462,1.05474,1.00,1.00
2015.03.20 09:09:33.149,1.05462,1.05473,1.00,1.00
2015.03.20 09:09:34.579,1.05459,1.05473,1.12,1.00
2015.03.20 09:09:35.085,1.0546,1.05472,1.00,1.00
2015.03.20 09:09:35.136,1.05456,1.05472,2.25,1.00
2015.03.20 09:09:35.238,1.05458,1.05471,1.00,1.00
2015.03.20 09:09:35.340,1.05456,1.05471,1.12,1.00
2015.03.20 09:09:35.644,1.05462,1.0547,1.00,1.00
2015.03.20 09:09:35.847,1.05455,1.0547,1.12,1.00
2015.03.20 09:09:36.049,1.05459,1.0547,1.00,1.00
2015.03.20 09:09:36.151,1.05455,1.0547,1.12,1.00
2015.03.20 09:09:36.354,1.05462,1.0547,1.00,1.00
2015.03.20 09:09:36.455,1.05458,1.05474,1.00,1.00
2015.03.20 09:09:36.658,1.05461,1.05474,1.00,1.00
2015.03.20 09:09:36.962,1.05463,1.05475,1.00,1.00
2015.03.20 09:09:37.368,1.05459,1.05475,1.50,1.00
2015.03.20 09:09:37.880,1.05463,1.05475,1.00,1.00
2015.03.20 09:09:38.396,1.05464,1.05476,1.00,1.00
2015.03.20 09:09:38.499,1.05462,1.05476,1.00,1.00
2015.03.20 09:09:38.600,1.05459,1.05475,1.12,1.00
2015.03.20 09:09:38.803,1.05463,1.05475,1.00,1.00
2015.03.20 09:09:38.905,1.05459,1.05475,1.12,1.00
2015.03.20 09:09:39.007,1.05462,1.05475,1.00,1.00
2015.03.20 09:09:39.513,1.05463,1.05476,1.00,1.00
2015.03.20 09:09:40.020,1.05463,1.05475,1.00,1.00
2015.03.20 09:09:40.526,1.05464,1.05475,1.00,1.00
2015.03.20 09:09:41.412,1.05471,1.05479,1.00,1.00
2015.03.20 09:09:42.261,1.05467,1.0548,1.00,1.00
2015.03.20 09:09:42.826,1.05472,1.0548,1.00,1.00
2015.03.20 09:09:43.716,1.05471,1.05481,1.00,1.00
2015.03.20 09:09:44.901,1.05469,1.0548,1.00,1.00
2015.03.20 09:09:45.437,1.05469,1.05481,1.00,1.00
2015.03.20 09:09:45.640,1.05473,1.05481,1.00,1.00
2015.03.20 09:09:45.994,1.05468,1.05481,1.00,1.00
2015.03.20 09:09:46.096,1.05465,1.05481,1.15,1.00
2015.03.20 09:09:46.401,1.05468,1.0548,1.00,1.00
2015.03.20 09:09:47.743,1.05467,1.05478,1.00,1.00
2015.03.20 09:09:49.224,1.05468,1.05478,1.00,1.00
2015.03.20 09:09:49.784,1.05468,1.05477,1.00,1.00
2015.03.20 09:09:49.836,1.05464,1.05477,1.00,1.00
2015.03.20 09:09:49.887,1.05464,1.05479,1.00,1.00
2015.03.20 09:09:50.039,1.05462,1.05479,1.12,1.00
2015.03.20 09:09:50.091,1.05462,1.05476,1.12,1.00
2015.03.20 09:09:50.394,1.05464,1.05476,1.00,1.00
2015.03.20 09:09:50.698,1.05467,1.05477,1.00,1.00
2015.03.20 09:09:50.749,1.05462,1.05477,1.12,1.00
2015.03.20 09:09:50.952,1.05466,1.05477,1.00,1.00
2015.03.20 09:09:51.566,1.05463,1.05477,1.00,1.00
2015.03.20 09:09:51.617,1.05457,1.05473,2.77,1.00
2015.03.20 09:09:51.719,1.05457,1.05477,1.50,1.50
2015.03.20 09:09:51.872,1.05456,1.05473,1.12,1.00
2015.03.20 09:09:52.177,1.05455,1.05471,1.00,1.00
2015.03.20 09:09:52.483,1.05457,1.05471,1.00,1.00
2015.03.20 09:09:52.635,1.05454,1.0547,1.20,1.00
2015.03.20 09:09:52.736,1.05456,1.05471,1.00,1.00
2015.03.20 09:09:53.040,1.05458,1.05472,1.00,1.00
2015.03.20 09:09:53.242,1.05456,1.05472,1.87,1.00
2015.03.20 09:09:53.545,1.05458,1.05472,1.00,1.00
2015.03.20 09:09:55.711,1.05458,1.05471,1.00,1.00
2015.03.20 09:09:55.762,1.05456,1.05471,1.57,1.00
2015.03.20 09:09:55.965,1.05458,1.05472,1.00,1.00
2015.03.20 09:09:56.066,1.05456,1.05471,1.10,1.00
2015.03.20 09:09:56.572,1.05456,1.0547,1.10,1.00
2015.03.20 09:09:57.231,1.05456,1.05468,1.00,1.00
2015.03.20 09:09:57.283,1.05454,1.05468,1.10,1.00
2015.03.20 09:09:57.538,1.05451,1.05468,1.27,1.00
2015.03.20 09:09:58.432,1.05455,1.05472,1.57,1.00
2015.03.20 09:09:58.588,1.05458,1.05472,1.00,1.00
2015.03.20 09:09:59.204,1.05455,1.05471,1.15,1.00
2015.03.20 09:09:59.710,1.05455,1.05471,1.65,1.00
2015.03.20 09:10:00.769,1.05454,1.0547,1.15,1.00
2015.03.20 09:10:02.177,1.05458,1.0547,1.00,1.00
2015.03.20 09:10:02.684,1.05459,1.05471,1.00,1.00
2015.03.20 09:10:04.118,1.0546,1.05474,1.10,1.00
2015.03.20 09:10:05.503,1.0546,1.05473,1.10,1.00
2015.03.20 09:10:06.061,1.05458,1.05473,1.10,1.00
2015.03.20 09:10:06.399,1.05466,1.05473,1.00,1.00
2015.03.20 09:10:06.501,1.05464,1.05477,1.00,1.00
2015.03.20 09:10:06.603,1.0546,1.05475,1.52,1.00
2015.03.20 09:10:07.109,1.05462,1.05475,1.57,1.00
2015.03.20 09:10:08.705,1.05462,1.05477,1.10,1.00
2015.03.20 09:10:08.807,1.05464,1.05477,1.00,1.00
2015.03.20 09:10:09.315,1.05463,1.05477,1.00,1.00
2015.03.20 09:10:09.822,1.05461,1.05477,1.87,1.00
2015.03.20 09:10:18.055,1.0546,1.05476,1.37,1.00
2015.03.20 09:10:18.764,1.0546,1.05472,1.22,1.00
2015.03.20 09:10:18.865,1.05457,1.05471,1.17,1.00
2015.03.20 09:10:20.505,1.05458,1.05474,1.10,1.50
2015.03.20 09:10:21.568,1.05458,1.05473,1.10,1.00
2015.03.20 09:10:21.669,1.05459,1.05475,1.00,1.00
2015.03.20 09:10:22.327,1.05459,1.05474,1.00,1.00
2015.03.20 09:10:22.828,1.0546,1.05475,1.10,1.00
2015.03.20 09:10:23.335,1.0546,1.05474,1.00,1.00
2015.03.20 09:10:23.920,1.05462,1.05474,1.00,1.00
2015.03.20 09:10:24.021,1.05459,1.05474,1.37,1.00
2015.03.20 09:10:24.535,1.05459,1.05473,1.37,1.00
2015.03.20 09:10:25.075,1.05459,1.05473,1.00,1.00
2015.03.20 09:10:25.329,1.05461,1.05474,1.00,1.00
2015.03.20 09:10:25.613,1.05459,1.05474,1.00,1.00
2015.03.20 09:10:26.235,1.05458,1.05474,1.10,1.00
2015.03.20 09:10:26.544,1.0546,1.05474,1.00,1.00
2015.03.20 09:10:27.107,1.05458,1.05474,1.10,1.00
2015.03.20 09:10:27.619,1.05459,1.05474,1.00,1.00
2015.03.20 09:10:28.128,1.05459,1.05475,1.50,1.00
2015.03.20 09:10:28.639,1.05459,1.05474,1.00,1.00
2015.03.20 09:10:29.145,1.05459,1.05475,1.87,1.00
2015.03.20 09:10:29.742,1.0546,1.05476,1.12,1.00
2015.03.20 09:10:32.044,1.05459,1.05475,1.00,1.00
2015.03.20 09:10:33.341,1.0546,1.05476,1.00,1.00
2015.03.20 09:10:34.876,1.05462,1.05478,1.50,1.00
2015.03.20 09:10:35.383,1.05461,1.05477,1.00,1.00
2015.03.20 09:10:36.703,1.05463,1.05477,1.00,1.00
2015.03.20 09:10:36.757,1.05461,1.05477,1.00,1.00
2015.03.20 09:10:37.263,1.0546,1.05476,1.10,1.00
2015.03.20 09:10:37.973,1.05462,1.05477,1.00,1.00
2015.03.20 09:10:38.481,1.05464,1.05478,1.00,1.00
2015.03.20 09:10:39.064,1.05465,1.0548,1.00,1.00
2015.03.20 09:10:39.584,1.05464,1.0548,1.00,1.00
2015.03.20 09:10:40.097,1.05463,1.05479,1.50,1.00
2015.03.20 09:10:40.607,1.05466,1.05479,1.00,1.00
2015.03.20 09:10:40.913,1.05462,1.05477,1.00,1.00
2015.03.20 09:10:41.422,1.05462,1.05476,1.00,1.00
2015.03.20 09:10:42.589,1.05464,1.05477,1.00,1.00
2015.03.20 09:10:43.124,1.05464,1.05478,1.00,1.00
2015.03.20 09:10:43.636,1.05464,1.05477,1.00,1.00
2015.03.20 09:10:44.503,1.05466,1.05477,1.00,1.00
2015.03.20 09:10:44.656,1.05466,1.05479,1.00,1.00
2015.03.20 09:10:45.220,1.05468,1.0548,1.00,1.00
2015.03.20 09:10:47.616,1.05468,1.05481,1.00,1.00
2015.03.20 09:10:48.547,1.05467,1.05481,1.00,1.00
2015.03.20 09:10:49.060,1.05467,1.05482,1.00,1.00
2015.03.20 09:10:49.746,1.05467,1.05481,1.00,1.00
2015.03.20 09:10:50.305,1.05467,1.05482,1.00,1.00
2015.03.20 09:10:50.609,1.05468,1.05487,1.50,1.17
2015.03.20 09:10:50.660,1.05472,1.05487,1.00,1.17
2015.03.20 09:10:51.196,1.05472,1.05487,1.00,1.00
2015.03.20 09:10:51.703,1.05471,1.05487,1.00,1.50
2015.03.20 09:10:53.756,1.05469,1.05485,1.00,1.00
2015.03.20 09:10:54.061,1.05466,1.05481,1.10,1.00
2015.03.20 09:10:54.567,1.05466,1.0548,1.00,1.00
2015.03.20 09:10:58.758,1.05466,1.05479,1.00,1.00
2015.03.20 09:10:58.963,1.05464,1.05479,1.00,1.00
2015.03.20 09:11:00.402,1.05464,1.05478,1.00,1.00
2015.03.20 09:11:00.910,1.05464,1.05479,1.00,1.00
2015.03.20 09:11:01.771,1.05467,1.05479,1.00,1.00
2015.03.20 09:11:01.873,1.05465,1.0548,1.00,1.00
2015.03.20 09:11:01.975,1.05467,1.05481,1.00,1.00
2015.03.20 09:11:02.582,1.05465,1.05481,1.50,1.00
2015.03.20 09:11:03.973,1.05465,1.05479,1.00,1.00
2015.03.20 09:11:04.125,1.05463,1.05479,1.00,1.00
2015.03.20 09:11:05.412,1.05464,1.05479,1.00,1.00
2015.03.20 09:11:05.960,1.05464,1.05478,1.00,1.00
2015.03.20 09:11:06.476,1.05463,1.05478,1.00,1.00
2015.03.20 09:11:09.466,1.05464,1.05478,1.00,1.00
2015.03.20 09:11:11.255,1.05467,1.05478,1.00,1.00
2015.03.20 09:11:11.306,1.05467,1.0548,1.00,1.00
2015.03.20 09:11:11.358,1.05465,1.0548,1.50,1.00
2015.03.20 09:11:11.879,1.05465,1.05479,1.00,1.00
2015.03.20 09:11:12.692,1.05462,1.05478,1.50,1.00
2015.03.20 09:11:13.202,1.05463,1.05479,1.00,1.00
2015.03.20 09:11:15.458,1.05462,1.05478,1.50,1.00
2015.03.20 09:11:18.151,1.05463,1.05478,1.00,1.00
2015.03.20 09:11:18.354,1.05467,1.05478,1.00,1.00
2015.03.20 09:11:18.659,1.05469,1.0548,1.00,1.00
2015.03.20 09:11:18.761,1.05467,1.05479,1.00,1.00
2015.03.20 09:11:19.267,1.05466,1.05478,1.00,1.00
2015.03.20 09:11:20.193,1.05466,1.05476,1.00,1.00
2015.03.20 09:11:20.244,1.05463,1.05476,1.00,1.00
2015.03.20 09:11:22.309,1.05463,1.05475,1.00,1.00
2015.03.20 09:11:25.901,1.05457,1.05469,1.00,1.00
2015.03.20 09:11:26.411,1.05456,1.05469,1.00,1.00
2015.03.20 09:11:26.931,1.05457,1.05469,1.00,1.00
2015.03.20 09:11:27.920,1.05456,1.05469,1.00,1.00
2015.03.20 09:11:28.426,1.05455,1.05469,1.00,1.00
2015.03.20 09:11:32.733,1.05455,1.05468,1.00,1.00
2015.03.20 09:11:36.717,1.05461,1.05469,1.00,1.00
2015.03.20 09:11:37.387,1.05461,1.0547,1.00,1.00
2015.03.20 09:11:37.590,1.0546,1.05476,1.50,1.00
2015.03.20 09:11:37.692,1.05463,1.05476,1.00,1.00
2015.03.20 09:11:38.219,1.05463,1.05477,1.00,1.00
2015.03.20 09:11:43.643,1.05463,1.05476,1.00,1.00
2015.03.20 09:11:44.149,1.05463,1.05477,1.00,1.00
2015.03.20 09:11:48.747,1.05464,1.05477,1.00,1.00
2015.03.20 09:11:53.974,1.05464,1.05478,1.50,1.00
2015.03.20 09:11:54.506,1.05465,1.05478,1.00,1.00
2015.03.20 09:11:55.716,1.05465,1.05479,1.00,1.00
2015.03.20 09:11:56.019,1.05467,1.05479,1.00,1.00
2015.03.20 09:12:01.098,1.05467,1.0548,1.00,1.00
2015.03.20 09:12:01.607,1.05467,1.05479,1.00,1.00
2015.03.20 09:12:06.093,1.05467,1.05477,1.00,1.00
2015.03.20 09:12:07.280,1.05467,1.05478,1.00,1.00
2015.03.20 09:12:09.249,1.05467,1.05479,1.00,1.00
2015.03.20 09:12:09.756,1.05467,1.0548,1.00,1.00
2015.03.20 09:12:10.060,1.05469,1.05481,1.00,1.00
2015.03.20 09:12:10.568,1.05468,1.05478,1.00,1.00
2015.03.20 09:12:11.074,1.05467,1.05479,1.00,1.00
2015.03.20 09:12:11.581,1.05467,1.05478,1.00,1.00
2015.03.20 09:12:13.775,1.05467,1.0548,1.00,1.00
2015.03.20 09:12:13.826,1.0547,1.0548,1.00,1.00
2015.03.20 09:12:14.359,1.05468,1.0548,1.00,1.00
2015.03.20 09:12:14.663,1.0547,1.05481,1.00,1.00
2015.03.20 09:12:14.764,1.05468,1.0548,1.00,1.00
2015.03.20 09:12:17.168,1.05464,1.0548,2.62,1.00
2015.03.20 09:12:17.674,1.05465,1.05481,1.50,1.00
2015.03.20 09:12:20.133,1.05464,1.0548,1.87,1.00
2015.03.20 09:12:20.639,1.05463,1.05479,1.00,1.00
2015.03.20 09:12:27.168,1.05462,1.05478,1.10,1.00
2015.03.20 09:12:27.686,1.05463,1.05479,1.00,1.00
2015.03.20 09:12:28.193,1.05462,1.05478,1.00,1.00
2015.03.20 09:12:32.674,1.05463,1.05479,1.00,1.00
2015.03.20 09:12:35.413,1.05464,1.05479,1.00,1.00
2015.03.20 09:12:35.819,1.05462,1.05478,1.00,1.00
2015.03.20 09:12:36.327,1.05461,1.05477,1.50,1.00
2015.03.20 09:12:36.835,1.05462,1.05478,1.00,1.00
2015.03.20 09:12:37.343,1.05461,1.05477,1.50,1.00
2015.03.20 09:12:37.849,1.05462,1.05478,1.00,1.00
2015.03.20 09:12:42.133,1.05461,1.05477,1.00,1.00
2015.03.20 09:12:47.420,1.05464,1.05477,1.00,1.00
2015.03.20 09:12:49.718,1.05464,1.05478,1.00,1.00
2015.03.20 09:12:52.845,1.05465,1.05478,1.00,1.00
2015.03.20 09:13:00.480,1.05466,1.05478,1.00,1.00
2015.03.20 09:13:00.988,1.05468,1.05479,1.00,1.00
2015.03.20 09:13:02.566,1.05467,1.05479,1.00,1.00
2015.03.20 09:13:03.202,1.05467,1.05478,1.00,1.00
2015.03.20 09:13:03.608,1.05465,1.05478,1.00,1.00
2015.03.20 09:13:04.115,1.05465,1.05477,1.00,1.00
2015.03.20 09:13:04.419,1.05467,1.05478,1.00,1.00
2015.03.20 09:13:08.532,1.05462,1.05477,1.00,1.00
2015.03.20 09:13:09.040,1.05461,1.05476,1.10,1.00
2015.03.20 09:13:12.261,1.0546,1.05474,1.17,1.00
2015.03.20 09:13:13.010,1.05461,1.05475,1.10,1.00
2015.03.20 09:13:14.866,1.05459,1.05473,1.15,1.00
2015.03.20 09:13:14.916,1.05459,1.05473,1.10,1.00
2015.03.20 09:13:15.170,1.05459,1.05475,1.10,1.50
2015.03.20 09:13:15.677,1.0546,1.05475,1.00,1.00
2015.03.20 09:13:15.981,1.05459,1.05471,1.10,1.00
2015.03.20 09:13:16.185,1.05459,1.05474,1.10,1.50
2015.03.20 09:13:16.691,1.0546,1.05474,1.00,1.00
2015.03.20 09:13:16.797,1.0546,1.05476,1.00,1.00
2015.03.20 09:13:16.949,1.05462,1.05478,1.00,1.00
2015.03.20 09:13:17.456,1.05461,1.05477,1.00,1.50
2015.03.20 09:13:17.963,1.05462,1.05477,1.00,1.00
2015.03.20 09:13:26.402,1.05463,1.05477,1.00,1.00
2015.03.20 09:13:26.911,1.05463,1.05478,1.00,1.00
2015.03.20 09:13:27.420,1.05463,1.05477,1.50,1.00
2015.03.20 09:13:27.929,1.05462,1.05478,1.10,1.00
2015.03.20 09:13:28.339,1.05462,1.05476,1.10,1.00
2015.03.20 09:13:33.078,1.05461,1.05475,1.17,1.00
2015.03.20 09:13:36.202,1.0546,1.05476,1.15,1.00
2015.03.20 09:13:39.794,1.05461,1.05477,1.17,1.00
2015.03.20 09:13:48.717,1.05459,1.0547,1.15,1.00
2015.03.20 09:13:48.818,1.05457,1.05468,1.00,1.00
2015.03.20 09:13:48.869,1.05454,1.05468,1.07,1.00
2015.03.20 09:13:49.173,1.05453,1.05467,1.00,1.00
2015.03.20 09:13:49.679,1.05453,1.05466,1.00,1.00
2015.03.20 09:13:52.262,1.05453,1.05467,1.00,1.00
2015.03.20 09:13:52.930,1.05453,1.05466,1.00,1.00
2015.03.20 09:13:55.922,1.05453,1.05467,1.00,1.00
2015.03.20 09:13:56.684,1.05454,1.05467,1.00,1.00
2015.03.20 09:13:56.785,1.05452,1.05467,1.00,1.00
2015.03.20 09:13:56.887,1.05452,1.05465,1.50,1.00
2015.03.20 09:13:57.444,1.05451,1.05465,1.00,1.00
2015.03.20 09:13:58.102,1.0545,1.05465,1.10,1.00
2015.03.20 09:14:00.699,1.0545,1.05464,1.10,1.00
2015.03.20 09:14:00.953,1.05448,1.05464,1.57,1.00
2015.03.20 09:14:06.070,1.05448,1.05455,1.10,1.00
2015.03.20 09:14:08.241,1.05446,1.05455,1.15,1.00
2015.03.20 09:14:13.698,1.05446,1.05453,1.15,1.00
2015.03.20 09:14:14.865,1.05446,1.05452,1.17,1.00
2015.03.20 09:14:15.017,1.05444,1.05452,1.17,1.00
2015.03.20 09:14:15.119,1.05444,1.05451,1.10,1.00
2015.03.20 09:14:16.032,1.05443,1.05459,1.17,1.00
2015.03.20 09:14:19.238,1.05442,1.05448,1.07,1.00
2015.03.20 09:14:26.907,1.05443,1.05447,1.00,1.00
2015.03.20 09:14:27.212,1.05441,1.05452,1.10,1.00
2015.03.20 09:14:27.364,1.05441,1.05445,1.00,1.00
2015.03.20 09:14:27.871,1.05442,1.05452,1.00,1.00
2015.03.20 09:14:28.378,1.05441,1.05445,1.00,1.00
2015.03.20 09:14:28.884,1.05435,1.05444,2.02,1.00
2015.03.20 09:14:29.543,1.05439,1.05444,1.50,1.00
2015.03.20 09:14:32.202,1.05438,1.05443,1.10,1.00
2015.03.20 09:14:35.082,1.05438,1.05444,1.10,1.00
2015.03.20 09:14:37.697,1.05439,1.05444,1.00,1.00
2015.03.20 09:14:39.358,1.0544,1.05444,1.10,1.00
2015.03.20 09:14:39.645,1.05444,1.05451,1.00,1.00
2015.03.20 09:14:39.975,1.05446,1.05452,1.00,1.00
2015.03.20 09:14:40.280,1.05447,1.05454,1.17,1.00
2015.03.20 09:14:40.746,1.0545,1.05461,1.00,1.00
2015.03.20 09:14:41.302,1.05449,1.05461,1.00,1.00
2015.03.20 09:14:43.251,1.05449,1.05455,1.07,1.00
2015.03.20 09:14:43.302,1.05452,1.05464,1.00,1.50
2015.03.20 09:14:46.860,1.05452,1.05457,1.10,1.00
2015.03.20 09:14:48.153,1.05452,1.05456,1.10,1.00
2015.03.20 09:15:01.173,1.05451,1.05457,1.17,1.00
2015.03.20 09:15:02.381,1.0545,1.05457,1.07,1.00
2015.03.20 09:15:02.590,1.0545,1.05457,1.00,1.00
2015.03.20 09:15:04.103,1.05449,1.05456,1.10,1.00
2015.03.20 09:15:05.050,1.0545,1.05456,1.00,1.00
2015.03.20 09:15:05.868,1.05449,1.05456,1.10,1.00
2015.03.20 09:15:06.374,1.0545,1.05457,1.00,1.00
2015.03.20 09:15:08.179,1.05451,1.05467,1.10,1.00
2015.03.20 09:15:08.230,1.05451,1.05458,1.10,1.00
2015.03.20 09:15:08.736,1.05452,1.05458,1.00,1.00
2015.03.20 09:15:12.617,1.05451,1.05458,1.10,1.00
2015.03.20 09:15:13.613,1.0545,1.05457,1.10,1.00
2015.03.20 09:15:14.284,1.05451,1.05457,1.10,1.00
2015.03.20 09:15:15.147,1.05452,1.05459,1.00,1.00
2015.03.20 09:15:15.250,1.05454,1.0547,1.00,1.00
2015.03.20 09:15:15.757,1.05453,1.0546,1.10,1.00
2015.03.20 09:15:17.603,1.05452,1.05459,1.00,1.00
2015.03.20 09:15:18.117,1.05451,1.05458,1.10,1.00
2015.03.20 09:15:18.629,1.05452,1.05459,1.00,1.00
2015.03.20 09:15:19.137,1.05451,1.05458,1.10,1.00
2015.03.20 09:15:19.686,1.05452,1.05459,1.00,1.00
2015.03.20 09:15:20.054,1.05451,1.05458,1.10,1.00
2015.03.20 09:15:27.134,1.05452,1.05468,1.00,1.00
2015.03.20 09:15:29.663,1.05452,1.05458,1.00,1.00
2015.03.20 09:15:31.485,1.05452,1.05458,1.00,1.00
2015.03.20 09:15:31.993,1.05453,1.05459,1.00,1.00
2015.03.20 09:15:32.501,1.05454,1.05459,1.00,1.00
2015.03.20 09:15:37.700,1.05454,1.05458,1.00,1.00
2015.03.20 09:15:38.996,1.05455,1.05466,1.00,1.00
2015.03.20 09:15:39.047,1.05455,1.0546,1.00,1.00
2015.03.20 09:15:39.552,1.05456,1.0546,1.00,1.00
2015.03.20 09:15:40.951,1.05457,1.05463,1.00,1.00
2015.03.20 09:15:41.004,1.05459,1.05463,1.00,1.00
2015.03.20 09:15:41.309,1.05457,1.05463,1.50,1.00
2015.03.20 09:15:41.361,1.05456,1.05461,1.10,1.00
2015.03.20 09:15:41.667,1.05457,1.05462,1.00,1.00
2015.03.20 09:15:42.651,1.05457,1.05463,1.00,1.00
2015.03.20 09:15:42.753,1.0546,1.05466,1.00,1.00
2015.03.20 09:15:43.057,1.05463,1.05467,1.00,1.00
2015.03.20 09:15:43.679,1.05463,1.05473,1.15,1.00
2015.03.20 09:15:43.885,1.05466,1.05472,1.00,1.00
2015.03.20 09:15:45.606,1.05465,1.05471,1.00,1.00
2015.03.20 09:15:46.116,1.05466,1.05471,1.10,1.00
2015.03.20 09:15:47.080,1.05465,1.0547,1.17,1.00
2015.03.20 09:15:47.586,1.05465,1.0547,1.00,1.00
2015.03.20 09:15:48.093,1.05464,1.0547,1.00,1.00
2015.03.20 09:15:53.708,1.05464,1.05469,1.00,1.00
2015.03.20 09:15:53.809,1.05464,1.05472,1.00,1.00
2015.03.20 09:15:54.128,1.05465,1.0547,1.00,1.00
2015.03.20 09:15:54.651,1.05465,1.0547,1.00,1.00
2015.03.20 09:15:54.804,1.05465,1.05476,1.50,1.00
2015.03.20 09:15:54.855,1.05467,1.05476,1.37,1.00
2015.03.20 09:15:55.008,1.05475,1.05485,1.00,1.00
2015.03.20 09:15:55.110,1.05475,1.05481,1.00,1.00
2015.03.20 09:15:55.313,1.05475,1.05485,1.00,1.00
2015.03.20 09:15:55.414,1.05475,1.05483,1.00,1.00
2015.03.20 09:15:55.718,1.05475,1.0548,1.00,1.00
2015.03.20 09:15:57.006,1.05475,1.05479,1.00,1.00
2015.03.20 09:15:57.057,1.05473,1.05479,1.00,1.00
2015.03.20 09:15:57.565,1.05475,1.05485,1.00,1.00
2015.03.20 09:15:57.717,1.05476,1.05482,1.00,1.00
2015.03.20 09:15:57.870,1.05474,1.05482,1.00,1.00
2015.03.20 09:15:58.023,1.05472,1.05477,1.00,1.00
2015.03.20 09:15:58.124,1.05474,1.05479,1.00,1.00
2015.03.20 09:15:58.531,1.05473,1.05477,1.00,1.00
2015.03.20 09:15:59.443,1.05472,1.05477,1.00,1.00
2015.03.20 09:15:59.646,1.05472,1.05479,1.00,1.00
2015.03.20 09:16:00.153,1.05473,1.05479,1.00,1.00
2015.03.20 09:16:00.331,1.05473,1.05485,1.00,1.50
2015.03.20 09:16:00.432,1.05473,1.05479,1.00,1.00
2015.03.20 09:16:00.534,1.05475,1.05484,1.00,1.00
2015.03.20 09:16:00.636,1.05475,1.05481,1.00,1.00
2015.03.20 09:16:00.941,1.05476,1.05485,1.00,1.00
2015.03.20 09:16:01.043,1.05477,1.05489,1.00,1.50
2015.03.20 09:16:01.347,1.05477,1.05481,1.00,1.00
2015.03.20 09:16:01.500,1.05475,1.05481,1.00,1.00
2015.03.20 09:16:01.855,1.05473,1.05477,1.00,1.00
2015.03.20 09:16:01.956,1.05472,1.0548,1.00,1.00
2015.03.20 09:16:02.058,1.05469,1.05475,1.20,1.00
2015.03.20 09:16:02.159,1.05472,1.05478,1.00,1.00
2015.03.20 09:16:02.993,1.05469,1.05474,1.10,1.00
2015.03.20 09:16:03.097,1.05472,1.05478,1.00,1.00
2015.03.20 09:16:03.357,1.05469,1.05474,1.10,1.00
2015.03.20 09:16:03.595,1.05472,1.05479,1.00,1.00
2015.03.20 09:16:03.697,1.05472,1.05477,1.00,1.00
2015.03.20 09:16:04.107,1.05472,1.0548,1.00,1.00
2015.03.20 09:16:04.158,1.0547,1.0548,1.00,1.00
2015.03.20 09:16:04.209,1.0547,1.05475,1.00,1.00
2015.03.20 09:16:04.364,1.05468,1.05474,1.00,1.00
2015.03.20 09:16:04.617,1.05472,1.05482,1.00,1.00
2015.03.20 09:16:05.140,1.05468,1.05475,1.12,1.00
2015.03.20 09:16:05.674,1.05468,1.05476,1.12,1.00
2015.03.20 09:16:05.978,1.05471,1.05482,1.00,1.00
2015.03.20 09:16:06.485,1.05471,1.05475,1.00,1.00
2015.03.20 09:16:07.748,1.0547,1.05474,1.00,1.00
2015.03.20 09:16:08.002,1.05469,1.05477,1.00,1.00
2015.03.20 09:16:08.104,1.05471,1.05477,1.00,1.00
2015.03.20 09:16:08.408,1.05468,1.05474,1.00,1.00
2015.03.20 09:16:08.814,1.05472,1.05476,1.00,1.00
2015.03.20 09:16:09.016,1.05468,1.05474,1.00,1.00
2015.03.20 09:16:09.902,1.05472,1.05476,1.00,1.00
2015.03.20 09:16:11.328,1.05472,1.05479,1.00,1.00
2015.03.20 09:16:11.530,1.05472,1.05476,1.00,1.00
2015.03.20 09:16:13.348,1.05475,1.05484,1.00,1.00
2015.03.20 09:16:13.400,1.05479,1.05484,1.00,1.00
2015.03.20 09:16:13.451,1.05479,1.05486,1.00,1.00
2015.03.20 09:16:13.503,1.05481,1.05486,1.00,1.00
2015.03.20 09:16:13.554,1.05481,1.05491,1.00,1.00
2015.03.20 09:16:13.656,1.05486,1.05493,1.00,1.00
2015.03.20 09:16:14.177,1.05487,1.05494,1.00,1.00
2015.03.20 09:16:14.481,1.05489,1.05494,1.00,1.00
2015.03.20 09:16:14.532,1.05489,1.05495,1.00,1.00
2015.03.20 09:16:15.432,1.05495,1.05508,1.00,1.10
2015.03.20 09:16:15.484,1.05495,1.05502,1.00,1.00
2015.03.20 09:16:16.003,1.05496,1.05502,1.00,1.00
2015.03.20 09:16:16.519,1.05495,1.05502,1.00,1.00
2015.03.20 09:16:17.386,1.05494,1.05502,1.10,1.00
2015.03.20 09:16:18.694,1.05494,1.05501,1.10,1.00
2015.03.20 09:16:19.100,1.05493,1.05499,1.00,1.00
2015.03.20 09:16:19.252,1.05493,1.05501,1.00,1.00
2015.03.20 09:16:20.257,1.05493,1.055,1.00,1.00
2015.03.20 09:16:20.778,1.05493,1.05501,1.00,1.00
2015.03.20 09:16:21.393,1.05493,1.055,1.50,1.00
2015.03.20 09:16:21.900,1.05493,1.05501,1.50,1.00
2015.03.20 09:16:22.538,1.05494,1.05501,1.00,1.00
2015.03.20 09:16:23.052,1.05493,1.05501,1.50,1.00
2015.03.20 09:16:24.172,1.05494,1.05501,1.00,1.00
2015.03.20 09:16:24.425,1.05494,1.05499,1.00,1.00
2015.03.20 09:16:24.908,1.05494,1.05501,1.00,1.00
2015.03.20 09:16:25.947,1.05493,1.05501,1.00,1.00
2015.03.20 09:16:26.251,1.05495,1.05501,1.00,1.00
2015.03.20 09:16:26.404,1.05497,1.05505,1.00,1.00
2015.03.20 09:16:26.607,1.05499,1.05504,1.00,1.00
2015.03.20 09:16:26.709,1.05495,1.05504,1.50,1.00
2015.03.20 09:16:26.811,1.05495,1.05502,1.50,1.00
2015.03.20 09:16:27.267,1.05493,1.05501,1.00,1.00
2015.03.20 09:16:27.318,1.05493,1.05499,1.00,1.00
2015.03.20 09:16:27.844,1.05493,1.05498,1.00,1.00
2015.03.20 09:16:28.009,1.05493,1.055,1.00,1.00
2015.03.20 09:16:28.312,1.05491,1.05496,1.00,1.00
2015.03.20 09:16:29.695,1.05491,1.05496,1.00,1.00
2015.03.20 09:16:29.748,1.05491,1.05497,1.00,1.00
2015.03.20 09:16:29.951,1.05491,1.055,1.50,1.00
2015.03.20 09:16:30.416,1.05491,1.05497,1.00,1.00
2015.03.20 09:16:30.928,1.05491,1.05498,1.00,1.00
2015.03.20 09:16:31.032,1.05491,1.055,1.00,1.00
2015.03.20 09:16:31.135,1.05493,1.055,1.00,1.00
2015.03.20 09:16:31.647,1.05492,1.05499,1.10,1.00
2015.03.20 09:16:32.197,1.05492,1.055,1.50,1.00
2015.03.20 09:16:32.704,1.05493,1.055,1.00,1.00
2015.03.20 09:16:32.806,1.0549,1.055,1.57,1.00
2015.03.20 09:16:33.163,1.0549,1.05498,1.57,1.00
2015.03.20 09:16:33.672,1.05491,1.05499,1.00,1.00
2015.03.20 09:16:34.028,1.0549,1.05496,1.57,1.00
2015.03.20 09:16:34.232,1.0549,1.05498,1.10,1.00
2015.03.20 09:16:34.283,1.05492,1.05498,1.00,1.00
2015.03.20 09:16:34.334,1.05492,1.05501,1.00,1.00
2015.03.20 09:16:34.840,1.05492,1.05496,1.00,1.00
2015.03.20 09:16:35.339,1.05492,1.05499,1.00,1.00
2015.03.20 09:16:35.848,1.05492,1.05498,1.00,1.00
2015.03.20 09:16:36.237,1.05493,1.05505,1.00,1.00
2015.03.20 09:16:36.389,1.05496,1.05505,1.00,1.00
2015.03.20 09:16:36.694,1.05494,1.05503,1.50,1.00
2015.03.20 09:16:37.212,1.05493,1.05503,1.00,1.00
2015.03.20 09:16:37.672,1.05493,1.05499,1.00,1.00
2015.03.20 09:16:38.078,1.05492,1.05502,1.00,1.00
2015.03.20 09:16:38.281,1.05492,1.05498,1.00,1.00
2015.03.20 09:16:38.935,1.05491,1.05498,1.00,1.00
2015.03.20 09:16:39.391,1.05491,1.05496,1.00,1.00
2015.03.20 09:16:39.492,1.05491,1.055,1.00,1.00
2015.03.20 09:16:39.594,1.05491,1.05496,1.00,1.00
2015.03.20 09:16:40.563,1.05491,1.055,1.00,1.00
2015.03.20 09:16:40.962,1.05491,1.05497,1.00,1.00
2015.03.20 09:16:41.497,1.05491,1.05496,1.00,1.00
2015.03.20 09:16:42.173,1.05491,1.05498,1.00,1.00
2015.03.20 09:16:42.682,1.05488,1.05495,1.47,1.00
2015.03.20 09:16:43.188,1.05492,1.05497,1.00,1.00
2015.03.20 09:16:43.290,1.05489,1.05503,1.12,1.00
2015.03.20 09:16:43.391,1.05489,1.05499,1.00,1.00
2015.03.20 09:16:43.594,1.05491,1.05503,1.00,1.00
2015.03.20 09:16:43.695,1.05489,1.05501,1.10,1.00
2015.03.20 09:16:44.000,1.05491,1.05499,1.50,1.00
2015.03.20 09:16:44.101,1.05491,1.05501,1.50,1.00
2015.03.20 09:16:44.607,1.05491,1.05502,1.50,1.00
2015.03.20 09:16:46.127,1.05491,1.055,1.00,1.00
2015.03.20 09:16:46.842,1.05492,1.055,1.00,1.00
2015.03.20 09:16:46.893,1.05492,1.05502,1.00,1.00
2015.03.20 09:16:46.994,1.05493,1.05504,1.00,1.00
2015.03.20 09:16:47.045,1.05495,1.05504,1.00,1.00
2015.03.20 09:16:47.097,1.05495,1.05507,1.50,1.00
2015.03.20 09:16:47.411,1.05496,1.05504,1.00,1.00
2015.03.20 09:16:47.513,1.05497,1.05508,1.00,1.00
2015.03.20 09:16:47.918,1.05497,1.0551,2.32,1.00
2015.03.20 09:16:48.543,1.05498,1.05508,1.00,1.00
2015.03.20 09:16:50.058,1.05497,1.05508,1.10,1.00
2015.03.20 09:16:50.312,1.05491,1.05505,1.17,1.00
2015.03.20 09:16:50.364,1.05491,1.05502,1.17,1.00
2015.03.20 09:16:50.467,1.05491,1.05504,1.17,1.00
2015.03.20 09:16:50.518,1.05494,1.05504,1.00,1.00
2015.03.20 09:16:51.026,1.05494,1.05505,1.00,1.00
2015.03.20 09:16:51.330,1.05494,1.05507,1.57,1.00
2015.03.20 09:16:51.735,1.05495,1.05505,1.00,1.00
2015.03.20 09:16:52.158,1.05494,1.05507,1.10,1.00
2015.03.20 09:16:52.360,1.05498,1.05509,1.00,1.00
2015.03.20 09:16:52.462,1.05498,1.05511,1.00,1.00
2015.03.20 09:16:52.869,1.05498,1.05509,1.00,1.00
2015.03.20 09:16:55.437,1.05495,1.05508,1.15,1.00
2015.03.20 09:16:55.941,1.05495,1.05507,1.17,1.00
2015.03.20 09:16:56.965,1.05495,1.05506,1.17,1.00
2015.03.20 09:16:57.535,1.05495,1.05506,1.00,1.00
2015.03.20 09:16:57.586,1.05495,1.05508,1.00,1.00
2015.03.20 09:16:58.366,1.05495,1.05505,1.50,1.00
2015.03.20 09:16:59.900,1.05496,1.0551,1.00,1.00
2015.03.20 09:17:00.052,1.05499,1.0551,1.00,1.00
2015.03.20 09:17:00.560,1.055,1.0551,1.00,1.00
2015.03.20 09:17:02.609,1.05499,1.05507,1.00,1.00
2015.03.20 09:17:02.662,1.05497,1.05507,1.00,1.00
2015.03.20 09:17:02.929,1.05495,1.05508,1.10,1.00
2015.03.20 09:17:03.300,1.05495,1.05506,1.00,1.00
2015.03.20 09:17:03.707,1.05494,1.05504,1.10,1.00
2015.03.20 09:17:04.559,1.05492,1.05504,1.00,1.50
2015.03.20 09:17:04.662,1.0549,1.05504,1.57,1.00
2015.03.20 09:17:05.166,1.05491,1.05504,1.00,1.00
2015.03.20 09:17:05.623,1.05491,1.05501,1.00,1.00
2015.03.20 09:17:05.825,1.05491,1.05503,1.00,1.00
2015.03.20 09:17:07.338,1.0549,1.05503,1.10,1.00
2015.03.20 09:17:07.952,1.0549,1.05505,1.10,1.00
2015.03.20 09:17:08.461,1.05491,1.05505,1.00,1.00
2015.03.20 09:17:10.822,1.0549,1.05503,1.10,1.00
2015.03.20 09:17:12.143,1.0549,1.05505,1.10,1.00
2015.03.20 09:17:13.612,1.0549,1.05502,1.00,1.00
2015.03.20 09:17:14.154,1.05489,1.05502,1.00,1.00
2015.03.20 09:17:14.598,1.05489,1.055,1.00,1.00
2015.03.20 09:17:18.946,1.05488,1.055,1.10,1.00
2015.03.20 09:17:20.436,1.05489,1.055,1.00,1.00
2015.03.20 09:17:24.055,1.05488,1.055,1.10,1.00
2015.03.20 09:17:24.572,1.05488,1.05501,1.10,1.00
2015.03.20 09:17:24.886,1.05488,1.05498,1.00,1.00
2015.03.20 09:17:24.937,1.05486,1.05498,1.10,1.00
2015.03.20 09:17:28.330,1.05486,1.05497,1.10,1.00
2015.03.20 09:17:28.918,1.05487,1.05497,1.00,1.00
2015.03.20 09:17:29.960,1.05486,1.05497,1.00,1.00
2015.03.20 09:17:33.319,1.05483,1.05497,1.17,1.00
2015.03.20 09:17:33.742,1.05483,1.05495,1.00,1.00
2015.03.20 09:17:34.627,1.05484,1.05495,1.00,1.00
2015.03.20 09:17:35.033,1.05484,1.05497,1.00,1.00
2015.03.20 09:17:35.945,1.05483,1.05497,1.00,1.00
2015.03.20 09:17:36.148,1.05481,1.05494,1.00,1.00
2015.03.20 09:17:36.919,1.0548,1.05494,1.00,1.00
2015.03.20 09:17:37.325,1.05479,1.05492,1.00,1.00
2015.03.20 09:17:39.222,1.05478,1.05492,1.00,1.00
2015.03.20 09:17:39.526,1.05478,1.0549,1.00,1.00
2015.03.20 09:17:40.663,1.05478,1.05492,1.00,1.00
2015.03.20 09:17:40.968,1.05477,1.0549,1.00,1.00
2015.03.20 09:17:43.063,1.05477,1.05488,1.00,1.00
2015.03.20 09:17:44.392,1.05476,1.05488,1.00,1.00
2015.03.20 09:17:44.899,1.05475,1.05487,1.00,1.00
2015.03.20 09:17:45.362,1.05475,1.05485,1.00,1.00
2015.03.20 09:17:45.921,1.05474,1.05485,1.57,1.00
2015.03.20 09:17:46.277,1.0547,1.05483,1.15,1.00
2015.03.20 09:17:46.379,1.05466,1.05483,1.15,1.00
2015.03.20 09:17:46.889,1.05469,1.05483,1.00,1.00
2015.03.20 09:17:47.352,1.05466,1.05482,1.57,1.00
2015.03.20 09:17:47.403,1.05466,1.0548,1.50,1.00
2015.03.20 09:17:47.809,1.0547,1.05482,1.00,1.00
2015.03.20 09:17:49.964,1.05469,1.05476,1.00,1.00
2015.03.20 09:17:50.395,1.05467,1.05476,1.00,1.00
2015.03.20 09:17:50.497,1.05464,1.05475,1.12,1.00
2015.03.20 09:17:50.650,1.05461,1.05474,1.12,1.00
2015.03.20 09:17:51.158,1.05461,1.05473,1.00,1.00
2015.03.20 09:17:51.616,1.05459,1.05473,1.87,1.00
2015.03.20 09:17:52.123,1.0546,1.05473,1.87,1.00
2015.03.20 09:17:52.427,1.0546,1.05471,1.12,1.00
2015.03.20 09:17:53.132,1.05457,1.05472,1.87,1.00
2015.03.20 09:17:53.641,1.05457,1.05469,1.87,1.00
2015.03.20 09:17:54.290,1.05457,1.05472,2.62,1.00
2015.03.20 09:17:54.594,1.05457,1.05472,1.87,1.50
2015.03.20 09:17:54.898,1.05456,1.05471,1.95,1.00
2015.03.20 09:17:54.949,1.05456,1.05469,1.20,1.00
2015.03.20 09:17:55.101,1.05454,1.05469,1.10,1.00
2015.03.20 09:17:55.152,1.05452,1.05469,1.95,1.50
2015.03.20 09:17:55.658,1.05451,1.05468,1.55,1.00
2015.03.20 09:17:55.759,1.05454,1.0547,1.12,1.50
2015.03.20 09:17:56.063,1.05455,1.05468,1.50,1.00
2015.03.20 09:17:56.367,1.05453,1.05468,1.00,1.00
2015.03.20 09:17:56.874,1.05452,1.05467,1.10,1.00
2015.03.20 09:17:57.178,1.05451,1.05465,1.00,1.00
2015.03.20 09:17:57.812,1.05448,1.05465,2.02,1.00
2015.03.20 09:17:58.892,1.0545,1.05461,1.10,1.00
2015.03.20 09:17:58.944,1.05447,1.05461,1.37,1.00
2015.03.20 09:17:59.096,1.05451,1.0546,1.00,1.00
2015.03.20 09:17:59.552,1.05453,1.05459,1.00,1.50
2015.03.20 09:18:00.058,1.05452,1.0546,1.00,1.00
2015.03.20 09:18:00.943,1.05451,1.0546,1.00,1.00
2015.03.20 09:18:01.247,1.05455,1.0546,1.00,1.00
2015.03.20 09:18:01.775,1.05454,1.05459,1.00,1.00
2015.03.20 09:18:01.876,1.05454,1.05467,1.00,1.50
2015.03.20 09:18:04.522,1.05454,1.05469,1.00,1.50
2015.03.20 09:18:04.624,1.05455,1.05471,1.00,1.50
2015.03.20 09:18:05.030,1.05458,1.05472,1.00,1.00
2015.03.20 09:18:06.840,1.05458,1.05473,1.12,1.00
2015.03.20 09:18:09.224,1.05459,1.05473,1.00,1.00
2015.03.20 09:18:09.731,1.05459,1.05474,1.00,1.00
2015.03.20 09:18:10.252,1.05458,1.05473,1.12,1.00
2015.03.20 09:18:11.527,1.05459,1.05473,1.00,1.00
2015.03.20 09:18:11.578,1.05459,1.05475,1.37,1.00
2015.03.20 09:18:11.730,1.05462,1.05475,1.00,1.00
2015.03.20 09:18:12.238,1.05462,1.05476,1.12,1.00
2015.03.20 09:18:12.542,1.05464,1.05481,2.25,1.10
2015.03.20 09:18:12.644,1.05468,1.05479,1.00,1.00
2015.03.20 09:18:12.948,1.05466,1.05479,1.00,1.00
2015.03.20 09:18:13.252,1.05466,1.05477,1.00,1.00
2015.03.20 09:18:13.556,1.05464,1.05475,1.00,1.00
2015.03.20 09:18:13.608,1.05462,1.05475,1.00,1.00
2015.03.20 09:18:15.152,1.0546,1.05475,1.00,1.00
2015.03.20 09:18:15.202,1.0546,1.05473,1.00,1.00
2015.03.20 09:18:17.371,1.05458,1.05472,1.50,1.00
2015.03.20 09:18:17.675,1.05455,1.05471,1.00,1.50
2015.03.20 09:18:17.777,1.05455,1.05469,1.00,1.00
2015.03.20 09:18:18.080,1.0545,1.05463,1.10,1.00
2015.03.20 09:18:18.485,1.05448,1.05463,1.57,1.00
2015.03.20 09:18:19.096,1.05449,1.05463,1.00,1.00
2015.03.20 09:18:19.984,1.05448,1.05463,1.50,1.00
2015.03.20 09:18:23.041,1.05448,1.05464,1.50,1.00
2015.03.20 09:18:23.092,1.0545,1.05464,1.00,1.00
2015.03.20 09:18:23.418,1.05454,1.05466,1.00,1.00
2015.03.20 09:18:23.722,1.05459,1.05467,1.00,1.00
2015.03.20 09:18:24.246,1.05458,1.05467,1.00,1.00
2015.03.20 09:18:25.429,1.05458,1.0547,1.00,1.00
2015.03.20 09:18:25.632,1.05458,1.05473,1.00,1.00
2015.03.20 09:18:26.088,1.05459,1.05475,1.50,1.00
2015.03.20 09:18:26.732,1.05459,1.05474,1.00,1.00
2015.03.20 09:18:30.365,1.05459,1.05473,1.00,1.00
2015.03.20 09:18:30.890,1.05458,1.05474,1.50,1.50
2015.03.20 09:18:30.941,1.05458,1.05472,1.00,1.00
2015.03.20 09:18:31.044,1.05453,1.05469,1.00,1.50
2015.03.20 09:18:31.555,1.05452,1.05468,1.00,1.00
2015.03.20 09:18:32.114,1.0545,1.05466,1.00,1.00
2015.03.20 09:18:32.468,1.05449,1.05464,1.00,1.00
2015.03.20 09:18:32.773,1.05449,1.05462,1.00,1.00
2015.03.20 09:18:32.976,1.05448,1.05464,1.50,1.00
2015.03.20 09:18:34.969,1.05448,1.05463,1.00,1.00
2015.03.20 09:18:35.071,1.05448,1.05461,1.00,1.00
2015.03.20 09:18:35.736,1.05447,1.05461,2.25,1.00
2015.03.20 09:18:36.091,1.05447,1.05458,1.00,1.00
2015.03.20 09:18:39.395,1.05447,1.0546,1.00,1.00
2015.03.20 09:18:44.041,1.05447,1.05459,1.00,1.00
2015.03.20 09:18:44.505,1.05447,1.05461,1.00,1.00
2015.03.20 09:18:44.657,1.05448,1.05464,1.12,1.00
2015.03.20 09:18:44.759,1.0545,1.05466,1.00,1.57
2015.03.20 09:18:45.265,1.05451,1.05465,1.00,1.00
2015.03.20 09:18:45.316,1.05451,1.05467,1.00,1.50
2015.03.20 09:18:46.433,1.0545,1.05466,1.00,1.00
2015.03.20 09:18:46.989,1.05451,1.05466,1.00,1.00
2015.03.20 09:18:50.455,1.05451,1.05467,1.00,1.00
2015.03.20 09:18:51.141,1.05451,1.05466,1.00,1.00
2015.03.20 09:18:55.907,1.05451,1.05467,1.00,1.00
2015.03.20 09:18:57.592,1.05451,1.05465,1.12,1.00
2015.03.20 09:18:58.098,1.05451,1.05465,1.37,1.00
2015.03.20 09:18:58.301,1.05451,1.05467,1.37,1.00
2015.03.20 09:18:58.352,1.05451,1.05467,1.00,1.00
2015.03.20 09:18:58.403,1.05448,1.05464,2.02,1.00
2015.03.20 09:18:58.708,1.05448,1.05464,1.87,1.00
2015.03.20 09:19:00.942,1.05448,1.05466,1.87,1.00
2015.03.20 09:19:01.449,1.05449,1.05466,1.87,1.00
2015.03.20 09:19:01.988,1.0545,1.05465,1.37,1.00
2015.03.20 09:19:02.191,1.0545,1.05465,1.00,1.00
2015.03.20 09:19:02.242,1.05448,1.05463,1.37,1.00
2015.03.20 09:19:02.918,1.05447,1.05461,3.45,1.00
2015.03.20 09:19:03.475,1.05447,1.05461,3.00,1.00
2015.03.20 09:19:03.526,1.05447,1.05463,3.00,1.50
2015.03.20 09:19:04.220,1.05447,1.05462,1.50,1.00
2015.03.20 09:19:05.349,1.05447,1.05463,2.25,1.50
2015.03.20 09:19:06.672,1.05447,1.05462,1.50,1.00
2015.03.20 09:19:07.417,1.05447,1.05463,2.25,1.50
2015.03.20 09:19:07.569,1.05447,1.0546,2.25,1.00
2015.03.20 09:19:10.079,1.05447,1.05457,1.00,1.00
2015.03.20 09:19:10.586,1.05447,1.05456,1.00,1.00
2015.03.20 09:19:12.176,1.05437,1.05448,1.10,1.00
2015.03.20 09:19:12.228,1.05432,1.05448,1.00,1.00
2015.03.20 09:19:12.840,1.05433,1.05449,1.00,1.00
2015.03.20 09:19:12.992,1.05435,1.0545,1.00,1.00
2015.03.20 09:19:13.044,1.05435,1.05452,1.00,1.00
2015.03.20 09:19:13.552,1.05436,1.05452,1.00,1.00
2015.03.20 09:19:14.057,1.05436,1.05451,1.00,1.00
2015.03.20 09:19:14.738,1.05439,1.05451,1.00,1.00
2015.03.20 09:19:15.099,1.05441,1.05452,1.00,1.00
2015.03.20 09:19:15.268,1.05441,1.05455,1.00,1.00
2015.03.20 09:19:15.624,1.05444,1.05456,1.00,1.00
2015.03.20 09:19:15.727,1.05442,1.05456,1.50,1.00
2015.03.20 09:19:15.832,1.05444,1.05455,1.00,1.00
2015.03.20 09:19:16.035,1.05442,1.05455,1.00,1.00
2015.03.20 09:19:16.493,1.0544,1.05454,1.00,1.00
2015.03.20 09:19:16.999,1.05442,1.05453,1.00,1.00
2015.03.20 09:19:17.607,1.05441,1.05453,1.00,1.00
2015.03.20 09:19:19.533,1.05441,1.05452,1.00,1.00
2015.03.20 09:19:20.062,1.05438,1.05452,1.00,1.00
2015.03.20 09:19:20.214,1.05436,1.05448,1.00,1.00
2015.03.20 09:19:20.315,1.05433,1.05446,1.95,1.00
2015.03.20 09:19:20.417,1.05436,1.05446,1.00,1.00
2015.03.20 09:19:20.519,1.05434,1.05446,1.00,1.00
2015.03.20 09:19:20.620,1.05438,1.05447,1.00,1.00
2015.03.20 09:19:21.251,1.05435,1.05448,1.37,1.00
2015.03.20 09:19:21.556,1.0544,1.05448,1.00,1.00
2015.03.20 09:19:21.861,1.05442,1.05448,1.00,1.00
2015.03.20 09:19:21.963,1.05439,1.05448,1.00,1.00
2015.03.20 09:19:23.006,1.05437,1.05448,1.12,1.00
2015.03.20 09:19:23.517,1.05437,1.05447,1.37,1.00
2015.03.20 09:19:24.204,1.05437,1.05447,1.12,1.00
2015.03.20 09:19:24.457,1.05439,1.05447,1.00,1.00
2015.03.20 09:19:24.998,1.05439,1.05448,1.00,1.00
2015.03.20 09:19:25.050,1.0544,1.0545,1.00,1.00
2015.03.20 09:19:25.152,1.05435,1.0545,1.37,1.00
2015.03.20 09:19:25.557,1.05441,1.05451,1.00,1.00
2015.03.20 09:19:25.760,1.05437,1.05451,1.37,1.00
2015.03.20 09:19:26.266,1.05439,1.0545,1.00,1.00
2015.03.20 09:19:26.468,1.05435,1.05447,1.37,1.00
2015.03.20 09:19:26.621,1.05435,1.05447,1.87,1.00
2015.03.20 09:19:26.773,1.05434,1.05445,1.12,1.00
2015.03.20 09:19:28.563,1.05432,1.05445,1.12,1.00
2015.03.20 09:19:28.877,1.05434,1.05445,1.00,1.00
2015.03.20 09:19:30.185,1.05434,1.05446,1.12,1.00
2015.03.20 09:19:30.489,1.05438,1.05447,1.00,1.00
2015.03.20 09:19:31.102,1.05439,1.05448,1.00,1.00
2015.03.20 09:19:31.611,1.05442,1.05449,1.00,1.00
2015.03.20 09:19:31.915,1.05439,1.0545,1.00,1.00
2015.03.20 09:19:32.188,1.05442,1.0545,1.00,1.00
2015.03.20 09:19:32.481,1.0544,1.0545,1.00,1.00
2015.03.20 09:19:32.684,1.05442,1.05449,1.00,1.00
2015.03.20 09:19:32.735,1.05442,1.05451,1.00,1.00
2015.03.20 09:19:32.786,1.05445,1.05451,1.00,1.00
2015.03.20 09:19:32.837,1.05445,1.05457,1.00,1.07
2015.03.20 09:19:32.888,1.05439,1.05457,1.00,1.10
2015.03.20 09:19:32.939,1.05443,1.0546,1.00,1.65
2015.03.20 09:19:33.244,1.05454,1.05469,1.00,3.45
2015.03.20 09:19:33.295,1.05448,1.0547,1.00,1.52
2015.03.20 09:19:33.397,1.05447,1.05464,1.00,1.00
2015.03.20 09:19:33.903,1.05447,1.05463,2.25,1.00
2015.03.20 09:19:34.214,1.05449,1.05463,1.00,1.00
2015.03.20 09:19:36.748,1.05448,1.05463,1.00,1.00
2015.03.20 09:19:37.255,1.05448,1.05464,1.00,1.00
2015.03.20 09:19:38.069,1.05451,1.05464,1.00,1.00
2015.03.20 09:19:38.979,1.05451,1.05465,1.00,1.00
2015.03.20 09:19:39.502,1.0545,1.05466,1.50,1.00
2015.03.20 09:19:39.909,1.05447,1.05463,1.00,1.00
2015.03.20 09:19:40.213,1.05444,1.0546,1.00,1.50
2015.03.20 09:19:40.517,1.05442,1.05458,1.00,1.00
2015.03.20 09:19:41.023,1.05441,1.05457,2.25,1.00
2015.03.20 09:19:41.327,1.05437,1.05452,1.00,1.00
2015.03.20 09:19:41.479,1.05438,1.05454,1.87,1.00
2015.03.20 09:19:41.732,1.05442,1.05458,1.12,1.65
2015.03.20 09:19:41.834,1.05442,1.05458,1.87,1.10
2015.03.20 09:19:41.936,1.05443,1.05458,1.37,1.10
2015.03.20 09:19:42.088,1.0545,1.05463,1.50,1.00
2015.03.20 09:19:42.393,1.05451,1.05467,1.50,1.10
2015.03.20 09:19:43.051,1.05452,1.05468,1.00,1.00
2015.03.20 09:19:44.601,1.05444,1.05459,1.07,1.00
2015.03.20 09:19:44.652,1.05444,1.05459,1.00,1.00
2015.03.20 09:19:45.059,1.05445,1.05461,1.00,1.50
2015.03.20 09:19:45.566,1.05446,1.05462,1.00,1.00
2015.03.20 09:19:46.099,1.05446,1.05461,1.00,1.00
2015.03.20 09:19:46.302,1.05445,1.05457,1.00,1.00
2015.03.20 09:19:48.023,1.05444,1.05457,1.00,1.00
2015.03.20 09:19:48.790,1.05444,1.0546,1.00,1.00
2015.03.20 09:19:48.891,1.05446,1.05462,1.12,1.00
2015.03.20 09:19:49.197,1.05454,1.0547,1.00,1.00
2015.03.20 09:19:49.400,1.0546,1.05477,1.50,1.00
2015.03.20 09:19:49.653,1.05462,1.05477,1.00,1.00
2015.03.20 09:19:50.109,1.0546,1.05476,1.50,1.00
2015.03.20 09:19:50.615,1.0546,1.05475,1.12,1.00
2015.03.20 09:19:52.006,1.05459,1.05475,1.00,1.50
2015.03.20 09:19:52.714,1.05459,1.05474,1.00,1.00
2015.03.20 09:19:55.845,1.05458,1.05474,1.00,1.50
2015.03.20 09:19:56.351,1.05459,1.05475,1.00,1.50
2015.03.20 09:20:00.869,1.0546,1.05475,1.00,1.00
2015.03.20 09:20:02.549,1.05459,1.05475,1.00,1.50
2015.03.20 09:20:03.090,1.0546,1.05474,1.00,1.00
2015.03.20 09:20:06.192,1.05459,1.05473,1.00,1.00
2015.03.20 09:20:06.294,1.05457,1.05471,1.00,1.00
2015.03.20 09:20:08.365,1.05456,1.0547,1.00,1.00
2015.03.20 09:20:08.670,1.05456,1.05472,1.00,1.50
2015.03.20 09:20:09.188,1.05457,1.05472,1.00,1.00
2015.03.20 09:20:09.385,1.05455,1.05471,1.00,1.00
2015.03.20 09:20:09.938,1.05456,1.05471,1.00,1.00
2015.03.20 09:20:10.476,1.05456,1.05472,1.00,1.50
2015.03.20 09:20:11.433,1.05458,1.05474,1.00,1.00
2015.03.20 09:20:11.960,1.05457,1.05473,1.00,1.50
2015.03.20 09:20:12.681,1.05458,1.05473,1.00,1.00
2015.03.20 09:20:13.583,1.05458,1.05474,1.00,1.00
2015.03.20 09:20:13.887,1.05463,1.05479,1.00,1.50
2015.03.20 09:20:14.445,1.05462,1.05478,1.00,1.00
2015.03.20 09:20:15.208,1.05463,1.05479,1.00,1.50
2015.03.20 09:20:15.736,1.05459,1.05475,1.10,1.50
2015.03.20 09:20:17.178,1.05459,1.05473,1.00,1.00
2015.03.20 09:20:18.389,1.05458,1.05473,1.00,1.00
2015.03.20 09:20:19.020,1.05459,1.05473,1.00,1.00
2015.03.20 09:20:20.858,1.05459,1.05475,1.00,1.00
2015.03.20 09:20:21.366,1.05458,1.05474,1.00,1.00
2015.03.20 09:20:22.113,1.05459,1.05475,1.00,1.00
2015.03.20 09:20:24.391,1.05459,1.05474,1.00,1.00
2015.03.20 09:20:25.971,1.05458,1.05474,1.00,1.50
2015.03.20 09:20:27.911,1.05459,1.05474,1.00,1.00
2015.03.20 09:20:29.361,1.05458,1.05474,1.00,1.50
2015.03.20 09:20:30.353,1.05459,1.05474,1.00,1.00
2015.03.20 09:20:36.406,1.05455,1.05469,1.00,1.00
2015.03.20 09:20:36.710,1.05454,1.05467,1.00,1.00
2015.03.20 09:20:37.250,1.05453,1.05466,1.00,1.00
2015.03.20 09:20:37.301,1.05451,1.05467,1.10,1.00
2015.03.20 09:20:39.276,1.0545,1.05464,1.00,1.00
2015.03.20 09:20:39.782,1.05449,1.05464,1.00,1.00
2015.03.20 09:20:40.290,1.05447,1.05463,1.00,1.50
2015.03.20 09:20:42.139,1.05448,1.05463,1.00,1.00
2015.03.20 09:20:46.230,1.05447,1.05463,1.00,1.50
2015.03.20 09:20:47.875,1.05448,1.05463,1.00,1.00
2015.03.20 09:20:56.012,1.05448,1.05462,1.00,1.00
2015.03.20 09:20:56.829,1.05448,1.05464,1.00,1.50
2015.03.20 09:21:00.604,1.05449,1.05464,1.00,1.00
2015.03.20 09:21:01.111,1.05449,1.05465,1.00,1.00
2015.03.20 09:21:01.314,1.05449,1.05463,1.00,1.00
2015.03.20 09:21:07.870,1.05448,1.05463,1.00,1.00
2015.03.20 09:21:11.167,1.05448,1.05461,1.00,1.00
2015.03.20 09:21:11.269,1.05448,1.05463,1.00,1.00
2015.03.20 09:21:11.776,1.05447,1.05463,1.00,1.50
2015.03.20 09:21:14.281,1.05446,1.05462,1.00,1.00
2015.03.20 09:21:17.047,1.05447,1.05462,1.00,1.00
2015.03.20 09:21:17.568,1.05446,1.05462,1.00,1.50
2015.03.20 09:21:18.078,1.05446,1.05459,1.00,1.00
2015.03.20 09:21:18.129,1.05443,1.05459,1.17,1.50
2015.03.20 09:21:18.433,1.05445,1.05461,1.00,1.50
2015.03.20 09:21:18.940,1.05444,1.0546,1.00,1.00
2015.03.20 09:21:20.010,1.05445,1.05461,1.00,1.50
2015.03.20 09:21:20.111,1.05447,1.05463,1.00,1.50
2015.03.20 09:21:20.636,1.05448,1.05463,1.00,1.00
2015.03.20 09:21:23.300,1.05447,1.05463,1.00,1.50
2015.03.20 09:21:23.605,1.05446,1.05461,1.00,1.00
2015.03.20 09:21:24.116,1.05445,1.05461,1.00,1.50
2015.03.20 09:21:24.649,1.05444,1.0546,1.00,1.00
2015.03.20 09:21:25.337,1.05445,1.05461,1.00,1.50
2015.03.20 09:21:25.843,1.05446,1.05461,1.00,1.00
2015.03.20 09:21:26.497,1.05447,1.05461,1.00,1.00
2015.03.20 09:21:27.947,1.05447,1.05463,1.00,1.00
2015.03.20 09:21:28.352,1.05452,1.05468,1.00,1.00
2015.03.20 09:21:28.860,1.05453,1.05469,1.00,1.00
2015.03.20 09:21:29.377,1.05454,1.0547,1.00,1.00
2015.03.20 09:21:30.682,1.05455,1.05471,1.00,1.00
2015.03.20 09:21:31.188,1.05457,1.05473,1.00,1.00
2015.03.20 09:21:32.863,1.05458,1.05474,1.00,1.00
2015.03.20 09:21:33.370,1.05457,1.05473,1.00,1.00
2015.03.20 09:21:33.776,1.05456,1.05469,1.00,1.00
2015.03.20 09:21:34.283,1.05455,1.05468,1.00,1.00
2015.03.20 09:21:35.297,1.05454,1.05468,1.00,1.00
2015.03.20 09:21:36.586,1.05454,1.05466,1.00,1.00
2015.03.20 09:21:38.343,1.05453,1.05466,1.00,1.00
2015.03.20 09:21:41.673,1.05453,1.05469,1.00,1.00
2015.03.20 09:21:45.516,1.05452,1.05468,1.00,1.00
2015.03.20 09:21:45.981,1.05452,1.05466,1.00,1.00
2015.03.20 09:21:46.084,1.05452,1.05468,1.00,1.50
2015.03.20 09:21:46.290,1.05451,1.05466,1.50,1.00
2015.03.20 09:21:46.596,1.05449,1.05462,1.00,1.00
2015.03.20 09:21:47.103,1.0545,1.05463,1.00,1.00
2015.03.20 09:21:50.115,1.05451,1.05463,1.00,1.00
2015.03.20 09:21:51.725,1.0545,1.05463,1.00,1.00
2015.03.20 09:21:52.081,1.05452,1.05463,1.00,1.00
2015.03.20 09:21:52.730,1.05449,1.05463,1.00,1.00
2015.03.20 09:21:54.447,1.05452,1.05463,1.00,1.00
2015.03.20 09:21:54.747,1.0545,1.05463,1.00,1.00
2015.03.20 09:21:55.872,1.05451,1.05463,1.00,1.00
2015.03.20 09:21:56.888,1.05451,1.05466,1.00,1.00
2015.03.20 09:21:56.940,1.05453,1.05467,1.00,1.00
2015.03.20 09:21:57.447,1.05452,1.05468,1.50,1.00
2015.03.20 09:21:58.018,1.05454,1.05468,1.00,1.00
2015.03.20 09:21:58.536,1.05453,1.05469,1.50,1.00
2015.03.20 09:22:00.671,1.05453,1.05468,1.00,1.00
2015.03.20 09:22:01.890,1.05454,1.05468,1.00,1.00
2015.03.20 09:22:02.404,1.05454,1.05469,1.00,1.00
2015.03.20 09:22:05.726,1.05454,1.05468,1.00,1.00
2015.03.20 09:22:09.263,1.05454,1.05469,1.00,1.00
2015.03.20 09:22:10.917,1.05453,1.05469,1.50,1.00
2015.03.20 09:22:11.421,1.05454,1.05469,1.00,1.00
2015.03.20 09:22:19.148,1.05454,1.0547,1.50,1.00
2015.03.20 09:22:22.349,1.05455,1.0547,1.00,1.00
2015.03.20 09:22:22.653,1.05457,1.05471,1.00,1.00
2015.03.20 09:22:23.172,1.05456,1.05471,1.00,1.00
2015.03.20 09:22:23.435,1.05454,1.0547,1.57,1.00
2015.03.20 09:22:23.486,1.05454,1.05468,1.10,1.00
2015.03.20 09:22:24.011,1.05453,1.05469,1.65,1.00
2015.03.20 09:22:24.570,1.05454,1.05468,1.00,1.00
2015.03.20 09:22:25.652,1.05452,1.05468,1.57,1.00
2015.03.20 09:22:27.063,1.05453,1.05468,1.00,1.00
2015.03.20 09:22:29.514,1.05453,1.05469,1.50,1.00
2015.03.20 09:22:30.077,1.05454,1.05469,1.00,1.00
2015.03.20 09:22:30.768,1.05453,1.05469,1.00,1.00
2015.03.20 09:22:31.174,1.05455,1.05469,1.00,1.00
2015.03.20 09:22:31.479,1.05456,1.05471,1.00,1.00
2015.03.20 09:22:33.269,1.05456,1.0547,1.00,1.00
2015.03.20 09:22:35.292,1.05454,1.0547,1.57,1.00
2015.03.20 09:22:35.393,1.05458,1.0547,1.00,1.50
2015.03.20 09:22:35.495,1.05455,1.0547,1.00,1.00
2015.03.20 09:22:35.596,1.05458,1.05471,1.00,1.00
2015.03.20 09:22:35.799,1.05455,1.0547,1.00,1.00
2015.03.20 09:22:36.103,1.05457,1.05471,1.00,1.00
2015.03.20 09:22:36.407,1.05459,1.05471,1.00,1.00
2015.03.20 09:22:36.711,1.05461,1.05472,1.00,1.00
2015.03.20 09:22:36.762,1.05461,1.05474,1.00,1.00
2015.03.20 09:22:37.757,1.05464,1.05478,1.00,1.00
2015.03.20 09:22:47.552,1.05467,1.0548,1.00,1.00
2015.03.20 09:22:48.466,1.05469,1.0548,1.00,1.00
2015.03.20 09:22:48.517,1.05469,1.05482,1.00,1.00
2015.03.20 09:22:48.669,1.05471,1.05482,1.00,1.00
2015.03.20 09:22:49.185,1.0547,1.05482,1.00,1.00
2015.03.20 09:22:49.495,1.05473,1.05482,1.00,1.00
2015.03.20 09:22:49.973,1.0547,1.05483,1.00,1.00
2015.03.20 09:22:50.074,1.05468,1.05483,1.57,1.00
2015.03.20 09:22:50.380,1.0547,1.05482,1.00,1.00
2015.03.20 09:22:51.240,1.05472,1.05481,1.00,1.00
2015.03.20 09:22:51.292,1.05468,1.05481,1.00,1.00
2015.03.20 09:22:51.494,1.0547,1.05481,1.00,1.00
2015.03.20 09:22:52.264,1.05472,1.05481,1.00,1.00
2015.03.20 09:22:52.818,1.05472,1.05482,1.00,1.00
2015.03.20 09:22:53.686,1.05472,1.05483,1.00,1.00
2015.03.20 09:22:54.877,1.05474,1.05483,1.00,1.00
2015.03.20 09:22:54.927,1.05474,1.05486,1.00,1.00
2015.03.20 09:22:55.080,1.05474,1.05488,1.00,1.50
2015.03.20 09:22:55.181,1.05471,1.05488,1.50,1.50
2015.03.20 09:22:55.283,1.05475,1.05488,1.00,1.50
2015.03.20 09:22:57.109,1.05473,1.05488,1.00,1.00
2015.03.20 09:23:00.017,1.05473,1.0548,1.00,1.00
2015.03.20 09:23:00.324,1.05473,1.05482,1.00,1.00
2015.03.20 09:23:00.426,1.05473,1.0548,1.00,1.00
2015.03.20 09:23:00.478,1.05473,1.05484,1.00,1.00
2015.03.20 09:23:00.953,1.05471,1.05484,1.00,1.00
2015.03.20 09:23:01.004,1.05471,1.05486,1.00,1.00
2015.03.20 09:23:01.055,1.05468,1.05486,1.10,1.00
2015.03.20 09:23:01.106,1.05467,1.05483,1.65,1.00
2015.03.20 09:23:01.739,1.05468,1.05482,1.10,1.00
2015.03.20 09:23:02.095,1.05471,1.05483,1.00,1.00
2015.03.20 09:23:02.385,1.05468,1.05483,1.00,1.00
2015.03.20 09:23:03.929,1.05469,1.05483,1.00,1.00
2015.03.20 09:23:04.436,1.0547,1.05483,1.00,1.00
2015.03.20 09:23:04.710,1.05475,1.05484,1.00,1.00
2015.03.20 09:23:05.015,1.05477,1.05484,1.00,1.00
2015.03.20 09:23:05.370,1.0547,1.05484,1.10,1.00
2015.03.20 09:23:07.411,1.05477,1.05489,1.00,1.50
2015.03.20 09:23:07.462,1.05477,1.05493,1.00,1.00
2015.03.20 09:23:07.563,1.05477,1.05491,1.00,1.00
2015.03.20 09:23:09.296,1.05476,1.05491,1.00,1.00
2015.03.20 09:23:10.196,1.05477,1.05491,1.00,1.00
2015.03.20 09:23:10.703,1.05477,1.05492,1.50,1.00
2015.03.20 09:23:11.286,1.05478,1.05492,1.00,1.00
2015.03.20 09:23:11.337,1.05478,1.05494,1.50,1.00
2015.03.20 09:23:12.955,1.0548,1.05496,1.00,1.00
2015.03.20 09:23:13.478,1.05481,1.05497,1.00,1.50
2015.03.20 09:23:14.098,1.05481,1.05494,1.00,1.00
2015.03.20 09:23:15.924,1.05479,1.05494,1.00,1.00
2015.03.20 09:23:16.077,1.05477,1.05491,1.57,1.00
2015.03.20 09:23:16.383,1.05477,1.05489,1.00,1.00
2015.03.20 09:23:16.893,1.05475,1.05489,1.17,1.00
2015.03.20 09:23:18.127,1.05475,1.0549,1.17,1.00
2015.03.20 09:23:18.228,1.05477,1.05493,1.00,1.50
2015.03.20 09:23:18.431,1.05479,1.05493,1.00,1.50
2015.03.20 09:23:18.735,1.05479,1.05491,1.00,1.00
2015.03.20 09:23:18.787,1.05479,1.05493,1.00,1.00
2015.03.20 09:23:19.343,1.05481,1.05493,1.00,1.00
2015.03.20 09:23:19.849,1.05482,1.05493,1.00,1.00
2015.03.20 09:23:20.355,1.05482,1.05494,1.00,1.00
2015.03.20 09:23:20.861,1.05482,1.05493,1.00,1.00
2015.03.20 09:23:22.044,1.05482,1.05494,1.00,1.00
2015.03.20 09:23:22.720,1.05483,1.05494,1.50,1.00
2015.03.20 09:23:22.974,1.0548,1.05493,1.00,1.00
2015.03.20 09:23:23.952,1.05477,1.05491,1.00,1.00
2015.03.20 09:23:24.459,1.05478,1.0549,1.00,1.00
2015.03.20 09:23:24.611,1.05482,1.05491,1.00,1.00
2015.03.20 09:23:26.140,1.05481,1.05492,1.00,1.00
2015.03.20 09:23:26.701,1.0548,1.05492,1.50,1.00
2015.03.20 09:23:27.056,1.05482,1.05491,1.00,1.00
2015.03.20 09:23:27.158,1.05479,1.05492,1.00,1.00
2015.03.20 09:23:27.664,1.05479,1.05491,1.00,1.00
2015.03.20 09:23:28.209,1.0548,1.05492,1.00,1.00
2015.03.20 09:23:29.860,1.05478,1.05492,1.10,1.00
2015.03.20 09:23:30.367,1.05478,1.05491,1.10,1.00
2015.03.20 09:23:30.773,1.0548,1.05491,1.00,1.00
2015.03.20 09:23:30.983,1.05477,1.05491,1.17,1.00
2015.03.20 09:23:31.486,1.05476,1.0549,1.00,1.00
2015.03.20 09:23:31.588,1.0548,1.0549,1.00,1.00
2015.03.20 09:23:31.892,1.05483,1.05491,1.00,1.00
2015.03.20 09:23:32.399,1.05487,1.05492,1.00,1.00
2015.03.20 09:23:32.500,1.05484,1.05492,1.00,1.00
2015.03.20 09:23:32.981,1.05478,1.05493,1.57,1.00
2015.03.20 09:23:33.184,1.05482,1.05493,1.00,1.00
2015.03.20 09:23:33.702,1.05484,1.05493,1.00,1.00
2015.03.20 09:23:34.096,1.05479,1.05493,1.50,1.00
2015.03.20 09:23:34.198,1.05479,1.05491,1.00,1.00
2015.03.20 09:23:34.503,1.05484,1.05492,1.00,1.00
2015.03.20 09:23:34.605,1.05482,1.05492,1.00,1.00
2015.03.20 09:23:35.010,1.05484,1.05493,1.00,1.00
2015.03.20 09:23:35.213,1.05482,1.05493,1.00,1.00
2015.03.20 09:23:35.518,1.05485,1.05493,1.00,1.00
2015.03.20 09:23:36.149,1.05484,1.05498,1.00,1.50
2015.03.20 09:23:36.302,1.05484,1.05503,1.00,2.40
2015.03.20 09:23:36.352,1.05487,1.05503,1.00,1.65
2015.03.20 09:23:36.454,1.05483,1.05501,1.00,1.00
2015.03.20 09:23:36.505,1.05483,1.05496,1.00,1.00
2015.03.20 09:23:37.213,1.05481,1.05496,1.00,1.00
2015.03.20 09:23:37.717,1.05481,1.05495,1.00,1.00
2015.03.20 09:23:39.704,1.05481,1.05494,1.00,1.00
2015.03.20 09:23:40.586,1.05478,1.05494,1.65,1.00
2015.03.20 09:23:41.584,1.05479,1.05495,2.40,1.00
2015.03.20 09:23:42.092,1.0548,1.05496,1.10,1.00
2015.03.20 09:23:42.616,1.05481,1.05496,1.10,1.00
2015.03.20 09:23:43.167,1.05481,1.05496,1.17,1.00
2015.03.20 09:23:43.675,1.05481,1.05497,2.40,1.00
2015.03.20 09:23:44.546,1.05485,1.05497,1.00,1.00
2015.03.20 09:23:44.749,1.05483,1.05498,1.00,1.00
2015.03.20 09:23:44.850,1.0549,1.05503,1.00,1.00
2015.03.20 09:23:46.314,1.05492,1.05504,1.17,1.00
2015.03.20 09:23:46.366,1.05492,1.05508,1.17,1.00
2015.03.20 09:23:51.359,1.05491,1.05507,1.15,1.00
2015.03.20 09:23:51.662,1.05489,1.05505,1.15,1.00
2015.03.20 09:23:51.764,1.05489,1.05505,1.10,1.00
2015.03.20 09:23:51.967,1.05489,1.05505,1.15,1.00
2015.03.20 09:23:52.474,1.0549,1.05506,1.17,1.00
2015.03.20 09:23:53.132,1.05492,1.05508,1.00,1.00
2015.03.20 09:23:53.335,1.05493,1.05509,1.17,1.00
2015.03.20 09:23:53.436,1.05495,1.05511,1.10,1.00
2015.03.20 09:23:53.848,1.05496,1.05512,1.47,1.00
2015.03.20 09:23:53.900,1.05498,1.05519,1.12,1.10
2015.03.20 09:23:54.001,1.05498,1.05519,1.15,1.00
2015.03.20 09:23:54.305,1.05499,1.05515,1.17,1.00
2015.03.20 09:23:55.169,1.05497,1.05513,1.17,1.00
2015.03.20 09:23:55.220,1.05497,1.05513,1.17,1.00
2015.03.20 09:24:02.985,1.05496,1.05512,1.15,1.00
2015.03.20 09:24:03.657,1.05497,1.05513,1.17,1.00
2015.03.20 09:24:05.615,1.05498,1.05514,1.10,1.00
2015.03.20 09:24:07.641,1.05497,1.05513,1.17,1.00
2015.03.20 09:24:14.825,1.05497,1.05513,1.15,1.00
2015.03.20 09:24:16.086,1.05498,1.05514,1.17,1.00
2015.03.20 09:24:17.775,1.05499,1.05515,1.10,1.00
2015.03.20 09:24:18.988,1.055,1.05516,1.00,1.00
2015.03.20 09:24:20.501,1.05499,1.05515,1.10,1.00
2015.03.20 09:24:22.916,1.05501,1.05517,1.00,1.00
2015.03.20 09:24:23.275,1.05499,1.05515,1.10,1.00
2015.03.20 09:24:23.580,1.05491,1.05505,1.15,1.00
2015.03.20 09:24:23.631,1.05491,1.05505,1.10,1.00
2015.03.20 09:24:24.541,1.0549,1.05503,1.17,1.00
2015.03.20 09:24:24.849,1.05489,1.05505,1.15,1.00
2015.03.20 09:24:25.457,1.05491,1.05506,1.10,1.00
2015.03.20 09:24:25.974,1.05491,1.05505,1.10,1.00
2015.03.20 09:24:26.337,1.05485,1.05498,2.32,1.00
2015.03.20 09:24:26.438,1.05482,1.05498,1.15,1.00
2015.03.20 09:24:26.945,1.05483,1.05499,1.17,1.00
2015.03.20 09:24:27.299,1.05481,1.05497,1.15,1.00
2015.03.20 09:24:27.552,1.05481,1.05497,1.17,1.00
2015.03.20 09:24:27.755,1.05484,1.055,1.10,1.00
2015.03.20 09:24:27.856,1.05485,1.05501,1.17,1.00
2015.03.20 09:24:28.374,1.05486,1.05502,1.10,1.00
2015.03.20 09:24:30.267,1.05485,1.05501,1.17,1.00
2015.03.20 09:24:30.520,1.05483,1.05499,1.10,1.00
2015.03.20 09:24:30.722,1.0548,1.05496,1.15,1.00
2015.03.20 09:24:30.975,1.05482,1.05498,1.17,1.00
2015.03.20 09:24:31.279,1.05484,1.055,1.50,1.00
2015.03.20 09:24:31.330,1.05484,1.055,1.65,1.00
2015.03.20 09:24:32.167,1.05486,1.05501,1.10,1.00
2015.03.20 09:24:35.288,1.05494,1.0551,1.50,1.50
2015.03.20 09:24:35.799,1.05498,1.05512,1.00,1.00
2015.03.20 09:24:35.901,1.05499,1.05514,1.00,1.00
2015.03.20 09:24:36.413,1.055,1.05515,1.00,1.00
2015.03.20 09:24:36.771,1.05501,1.05517,1.00,1.00
2015.03.20 09:24:37.557,1.05502,1.05518,1.00,1.00
2015.03.20 09:24:38.539,1.05501,1.05517,1.00,1.00
2015.03.20 09:24:39.049,1.055,1.05516,1.10,1.00
2015.03.20 09:24:41.516,1.05498,1.05513,1.15,1.00
2015.03.20 09:24:41.567,1.05498,1.05513,1.10,1.00
2015.03.20 09:24:41.618,1.05498,1.05511,1.10,1.00
2015.03.20 09:24:41.770,1.05496,1.0551,1.00,1.00
2015.03.20 09:24:41.973,1.05496,1.05508,1.00,1.00
2015.03.20 09:24:42.176,1.05495,1.0551,1.10,1.00
2015.03.20 09:24:42.480,1.05495,1.05507,1.10,1.00
2015.03.20 09:24:42.986,1.05494,1.05507,1.00,1.00
2015.03.20 09:24:43.492,1.05494,1.05508,1.00,1.00
2015.03.20 09:24:51.450,1.05494,1.0551,1.50,1.00
2015.03.20 09:24:53.034,1.05494,1.05509,1.00,1.00
2015.03.20 09:24:54.161,1.05493,1.05509,1.57,1.00
2015.03.20 09:24:57.639,1.05493,1.05502,1.10,1.00
2015.03.20 09:25:01.296,1.05492,1.05502,1.00,1.00
2015.03.20 09:25:02.172,1.0549,1.05502,1.00,1.00
2015.03.20 09:25:02.679,1.0549,1.05501,1.00,1.00
2015.03.20 09:25:02.781,1.0549,1.05498,1.00,1.00
2015.03.20 09:25:02.832,1.05488,1.05498,1.00,1.00
2015.03.20 09:25:03.941,1.05489,1.05498,1.00,1.00
2015.03.20 09:25:03.993,1.05489,1.05501,1.00,1.00
2015.03.20 09:25:04.197,1.05489,1.05499,1.00,1.00
2015.03.20 09:25:04.704,1.0549,1.05499,1.00,1.00
2015.03.20 09:25:05.211,1.05489,1.05499,1.00,1.00
2015.03.20 09:25:11.606,1.05489,1.055,1.00,1.00
2015.03.20 09:25:12.113,1.05491,1.055,1.00,1.00
2015.03.20 09:25:12.624,1.0549,1.055,1.00,1.00
2015.03.20 09:25:17.364,1.05486,1.055,1.10,1.00
2015.03.20 09:25:17.415,1.05486,1.05496,1.00,1.00
2015.03.20 09:25:17.869,1.05482,1.05492,1.15,1.00
2015.03.20 09:25:18.737,1.05489,1.05494,1.00,1.00
2015.03.20 09:25:19.244,1.05488,1.05494,1.00,1.00
2015.03.20 09:25:19.785,1.05487,1.05494,1.00,1.00
2015.03.20 09:25:25.443,1.05487,1.05492,1.00,1.00
2015.03.20 09:25:27.467,1.05486,1.05492,1.00,1.00
2015.03.20 09:25:33.564,1.05485,1.05492,1.00,1.00
2015.03.20 09:25:40.359,1.05486,1.05492,1.00,1.00
2015.03.20 09:25:41.344,1.05484,1.05492,1.00,1.00
2015.03.20 09:25:41.395,1.05484,1.0549,1.00,1.00
2015.03.20 09:25:41.945,1.05483,1.0549,1.00,1.00
2015.03.20 09:25:42.257,1.0548,1.05486,1.00,1.00
2015.03.20 09:25:42.359,1.05478,1.05485,1.00,1.00
2015.03.20 09:25:42.868,1.05477,1.05484,1.00,1.00
2015.03.20 09:25:42.919,1.05477,1.05482,1.00,1.00
2015.03.20 09:25:43.806,1.05476,1.05482,1.00,1.00
2015.03.20 09:25:44.308,1.05477,1.05482,1.00,1.00
2015.03.20 09:25:45.528,1.0548,1.05488,1.00,1.00
2015.03.20 09:25:45.630,1.0548,1.05484,1.00,1.00
2015.03.20 09:25:47.843,1.05479,1.05484,1.00,1.00
2015.03.20 09:25:48.400,1.05478,1.05484,1.00,1.00
2015.03.20 09:25:49.058,1.05477,1.05484,1.00,1.00
2015.03.20 09:25:49.362,1.05477,1.05482,1.00,1.00
2015.03.20 09:25:51.889,1.05476,1.05482,1.00,1.00
2015.03.20 09:25:52.396,1.05475,1.05482,1.00,1.00
2015.03.20 09:25:53.799,1.05475,1.0548,1.00,1.00
2015.03.20 09:25:54.024,1.05469,1.0548,3.07,1.00
2015.03.20 09:25:54.075,1.05469,1.05478,1.10,1.00
2015.03.20 09:25:54.177,1.05468,1.05474,1.50,1.00
2015.03.20 09:25:54.480,1.05463,1.05472,1.12,1.00
2015.03.20 09:25:54.532,1.05466,1.05471,1.00,1.00
2015.03.20 09:25:54.735,1.05462,1.05471,1.00,1.00
2015.03.20 09:25:54.836,1.05459,1.05471,1.87,1.00
2015.03.20 09:25:54.887,1.05459,1.05469,1.37,1.00
2015.03.20 09:25:55.193,1.05457,1.05467,1.37,1.00
2015.03.20 09:25:56.508,1.05457,1.05468,1.37,1.00
2015.03.20 09:25:56.560,1.05457,1.05468,1.00,1.00
2015.03.20 09:25:57.070,1.05456,1.05468,1.50,1.00
2015.03.20 09:25:57.121,1.05456,1.05465,1.50,1.00
2015.03.20 09:25:57.893,1.05456,1.05467,1.50,1.00
2015.03.20 09:25:57.995,1.05456,1.05465,1.50,1.00
2015.03.20 09:25:58.413,1.05456,1.05465,1.87,1.00
2015.03.20 09:25:58.771,1.05457,1.05465,1.00,1.00
2015.03.20 09:25:59.848,1.05456,1.05465,1.87,1.00
2015.03.20 09:26:01.344,1.05456,1.05467,1.87,1.00
2015.03.20 09:26:01.960,1.05457,1.05467,1.00,1.00
2015.03.20 09:26:04.109,1.05456,1.05467,1.87,1.00
2015.03.20 09:26:04.718,1.05459,1.05468,1.00,1.00
2015.03.20 09:26:04.819,1.05459,1.05475,1.37,1.50
2015.03.20 09:26:04.871,1.05459,1.05475,1.37,1.00
2015.03.20 09:26:05.175,1.05459,1.0547,1.87,1.00
2015.03.20 09:26:05.750,1.05459,1.05472,1.50,1.00
2015.03.20 09:26:05.852,1.05459,1.05472,1.37,1.00
2015.03.20 09:26:05.954,1.05459,1.0547,1.37,1.00
2015.03.20 09:26:06.166,1.05459,1.0547,1.00,1.00
2015.03.20 09:26:06.703,1.05459,1.05469,1.00,1.00
2015.03.20 09:26:07.570,1.05458,1.05466,1.12,1.00
2015.03.20 09:26:09.861,1.05458,1.05468,1.00,1.00
2015.03.20 09:26:12.937,1.05457,1.05468,1.00,1.00
2015.03.20 09:26:13.246,1.05456,1.05465,1.12,1.00
2015.03.20 09:26:15.869,1.05457,1.05465,1.00,1.00
2015.03.20 09:26:16.376,1.05456,1.05465,1.12,1.00
2015.03.20 09:26:17.667,1.05455,1.05465,1.00,1.00
2015.03.20 09:26:17.974,1.05449,1.0546,1.37,1.00
2015.03.20 09:26:18.480,1.05449,1.05461,1.00,1.00
2015.03.20 09:26:18.986,1.05448,1.05456,1.00,1.00
2015.03.20 09:26:20.409,1.05449,1.0546,1.00,1.00
2015.03.20 09:26:20.814,1.05449,1.05458,1.00,1.00
2015.03.20 09:26:21.857,1.05452,1.05458,1.00,1.00
2015.03.20 09:26:21.908,1.05452,1.05463,1.37,1.00
2015.03.20 09:26:22.419,1.05452,1.05463,1.00,1.00
2015.03.20 09:26:22.521,1.05452,1.05461,1.00,1.00
2015.03.20 09:26:22.572,1.0545,1.05461,1.87,1.00
2015.03.20 09:26:23.079,1.0545,1.0546,1.87,1.00
2015.03.20 09:26:23.130,1.0545,1.05458,1.50,1.00
2015.03.20 09:26:23.332,1.0545,1.0546,1.50,1.00
2015.03.20 09:26:23.535,1.0545,1.05456,1.00,1.00
2015.03.20 09:26:24.042,1.05449,1.05456,1.00,1.00
2015.03.20 09:26:24.368,1.05448,1.05455,1.00,1.00
2015.03.20 09:26:24.418,1.05448,1.05457,1.00,1.00
2015.03.20 09:26:24.520,1.05446,1.0546,1.37,1.00
2015.03.20 09:26:24.571,1.05449,1.0546,1.37,1.00
2015.03.20 09:26:24.673,1.05449,1.0546,1.00,1.00
2015.03.20 09:26:24.724,1.05449,1.05457,1.00,1.00
2015.03.20 09:26:24.927,1.0545,1.0546,1.00,1.00
2015.03.20 09:26:25.029,1.0545,1.05458,1.00,1.00
2015.03.20 09:26:25.537,1.05449,1.05458,1.00,1.00
2015.03.20 09:26:28.247,1.05449,1.05456,1.00,1.00
2015.03.20 09:26:29.747,1.05448,1.05456,1.00,1.00
2015.03.20 09:26:30.255,1.05447,1.05456,1.00,1.00
2015.03.20 09:26:32.595,1.05447,1.05456,1.37,1.00
2015.03.20 09:26:33.327,1.05447,1.05456,1.37,1.00
2015.03.20 09:26:33.428,1.05448,1.05456,1.20,1.00
2015.03.20 09:26:34.456,1.05448,1.05458,1.20,1.00
2015.03.20 09:26:34.710,1.05448,1.05458,1.47,1.00
2015.03.20 09:26:34.761,1.05448,1.0546,1.47,1.00
2015.03.20 09:26:35.167,1.0545,1.05463,1.12,1.00
2015.03.20 09:26:35.218,1.05453,1.05463,1.37,1.00
2015.03.20 09:26:35.370,1.05455,1.05469,1.47,1.00
2015.03.20 09:26:35.421,1.05455,1.05469,1.57,1.00
2015.03.20 09:26:37.306,1.05458,1.0547,1.37,1.00
2015.03.20 09:26:37.357,1.05458,1.0547,1.12,1.00
2015.03.20 09:26:38.251,1.05458,1.05467,1.12,1.00
2015.03.20 09:26:38.555,1.05458,1.05469,1.37,1.00
2015.03.20 09:26:38.870,1.05458,1.05467,1.37,1.00
2015.03.20 09:26:40.024,1.05458,1.0547,1.37,1.00
2015.03.20 09:26:40.689,1.05458,1.0547,1.37,1.00
2015.03.20 09:26:41.196,1.05458,1.05469,1.37,1.00
2015.03.20 09:26:41.703,1.05458,1.0547,1.37,1.00
2015.03.20 09:26:43.683,1.05458,1.05467,1.37,1.00
2015.03.20 09:26:43.734,1.05457,1.05467,1.10,1.00
2015.03.20 09:26:43.836,1.05455,1.05466,1.20,1.00
2015.03.20 09:26:43.938,1.05455,1.05464,1.20,1.00
2015.03.20 09:26:44.792,1.05455,1.05464,1.37,1.00
2015.03.20 09:26:44.843,1.05455,1.05469,1.37,1.00
2015.03.20 09:26:44.895,1.0546,1.05469,1.50,1.00
2015.03.20 09:26:44.946,1.0546,1.05472,1.50,1.00
2015.03.20 09:26:44.997,1.05463,1.05474,1.75,1.00
2015.03.20 09:26:45.048,1.05463,1.0548,2.25,1.50
2015.03.20 09:26:45.200,1.05469,1.0548,1.37,1.00
2015.03.20 09:26:45.251,1.05469,1.05482,1.87,1.00
2015.03.20 09:26:46.138,1.05472,1.05482,1.47,1.00
2015.03.20 09:26:47.439,1.05473,1.05482,1.12,1.00
2015.03.20 09:26:47.643,1.05473,1.0548,1.00,1.00
2015.03.20 09:26:47.745,1.05471,1.0548,1.00,1.00
2015.03.20 09:26:47.948,1.0547,1.05478,1.20,1.00
2015.03.20 09:26:48.049,1.05468,1.0548,1.95,1.00
2015.03.20 09:26:48.574,1.05471,1.0548,1.00,1.00
2015.03.20 09:26:49.085,1.05471,1.05481,1.00,1.00
2015.03.20 09:26:50.565,1.05471,1.05482,1.00,1.00
2015.03.20 09:26:50.666,1.05472,1.05484,1.00,1.00
2015.03.20 09:26:51.377,1.05472,1.0548,1.00,1.00
2015.03.20 09:26:51.479,1.05469,1.05482,1.65,1.00
2015.03.20 09:26:51.787,1.05469,1.0548,1.65,1.00
2015.03.20 09:26:52.197,1.05469,1.05478,1.50,1.00
2015.03.20 09:26:52.705,1.0547,1.05478,1.00,1.00
2015.03.20 09:26:54.502,1.05473,1.05486,1.12,1.00
2015.03.20 09:26:55.823,1.05473,1.05483,1.12,1.00
2015.03.20 09:26:56.228,1.05473,1.05485,1.12,1.00
2015.03.20 09:26:56.633,1.05473,1.05487,1.12,1.00
2015.03.20 09:26:56.887,1.05473,1.05484,1.87,1.00
2015.03.20 09:26:57.191,1.05476,1.05484,1.00,1.00
2015.03.20 09:26:58.126,1.05476,1.05482,1.00,1.00
2015.03.20 09:27:00.693,1.05474,1.05482,1.00,1.00
2015.03.20 09:27:00.745,1.05474,1.05484,1.00,1.00
2015.03.20 09:27:00.948,1.05474,1.05481,1.00,1.00
2015.03.20 09:27:01.049,1.05474,1.05484,1.00,1.00
2015.03.20 09:27:01.101,1.05471,1.05484,1.50,1.00
2015.03.20 09:27:01.456,1.05471,1.05486,1.50,1.00
2015.03.20 09:27:01.759,1.05472,1.05483,1.00,1.00
2015.03.20 09:27:01.913,1.05472,1.05485,1.00,1.00
2015.03.20 09:27:02.741,1.05473,1.05485,1.00,1.00
2015.03.20 09:27:02.842,1.05471,1.05483,1.50,1.00
2015.03.20 09:27:03.350,1.05472,1.05484,1.00,1.00
2015.03.20 09:27:03.660,1.05472,1.05482,1.00,1.00
2015.03.20 09:27:04.244,1.05472,1.05484,1.47,1.00
2015.03.20 09:27:04.345,1.05473,1.05492,1.55,1.00
2015.03.20 09:27:04.396,1.05477,1.05495,1.00,1.00
2015.03.20 09:27:04.447,1.05477,1.05493,1.15,1.00
2015.03.20 09:27:04.751,1.05479,1.05493,1.95,1.00
2015.03.20 09:27:05.059,1.05483,1.05496,1.10,1.00
2015.03.20 09:27:05.110,1.05483,1.05496,1.07,1.00
2015.03.20 09:27:05.421,1.05483,1.05491,1.10,1.00
2015.03.20 09:27:05.471,1.05483,1.05496,1.10,1.00
2015.03.20 09:27:06.042,1.05482,1.05494,2.40,1.00
2015.03.20 09:27:06.650,1.05482,1.05488,1.00,1.00
2015.03.20 09:27:07.458,1.05482,1.0549,1.00,1.00
2015.03.20 09:27:07.560,1.05482,1.05492,1.00,1.00
2015.03.20 09:27:09.730,1.05482,1.05489,1.00,1.00
2015.03.20 09:27:10.189,1.05482,1.05491,1.00,1.00
2015.03.20 09:27:11.509,1.0548,1.05492,1.00,1.00
2015.03.20 09:27:12.879,1.0548,1.05491,1.00,1.00
2015.03.20 09:27:12.931,1.05478,1.05491,1.50,1.00
2015.03.20 09:27:13.461,1.05478,1.0549,1.50,1.00
2015.03.20 09:27:14.575,1.05488,1.05499,1.00,1.65
2015.03.20 09:27:14.678,1.05478,1.05494,1.50,1.00
2015.03.20 09:27:14.729,1.0548,1.05502,1.10,1.10
2015.03.20 09:27:14.931,1.05485,1.055,1.00,1.00
2015.03.20 09:27:15.286,1.05488,1.05501,1.00,1.00
2015.03.20 09:27:15.590,1.05488,1.05497,1.00,1.00
2015.03.20 09:27:17.323,1.0548,1.05489,1.00,1.00
2015.03.20 09:27:17.835,1.05479,1.05489,1.00,1.00
2015.03.20 09:27:20.722,1.05478,1.05489,1.00,1.00
2015.03.20 09:27:21.228,1.05477,1.05487,1.00,1.00
2015.03.20 09:27:21.431,1.0548,1.05492,1.00,1.00
2015.03.20 09:27:21.634,1.05482,1.05494,1.00,1.00
2015.03.20 09:27:22.141,1.05481,1.05494,1.00,1.00
2015.03.20 09:27:22.547,1.05482,1.05492,1.00,1.00
2015.03.20 09:27:22.648,1.05479,1.05491,1.00,1.00
2015.03.20 09:27:22.750,1.05479,1.05489,1.00,1.00
