2012.04.02 22:00:00.576,1.20377,1.20398,1.13,0.75
2012.04.02 22:00:01.074,1.20377,1.20399,1.13,1.13
2012.04.02 22:00:19.257,1.20377,1.204,2.63,1.94
2012.04.02 22:00:33.814,1.20377,1.20398,1.13,1.50
2012.04.02 22:01:20.433,1.20377,1.20399,2.63,1.00
2012.04.02 22:02:18.250,1.20377,1.20398,1.13,0.75
2012.04.02 22:02:49.326,1.20377,1.20397,1.13,0.75
2012.04.02 22:03:12.903,1.20377,1.20396,1.13,0.75
2012.04.02 22:03:33.755,1.20377,1.20397,1.13,0.75
2012.04.02 22:03:33.824,1.20377,1.20399,1.13,2.00
2012.04.02 22:03:34.844,1.20377,1.20399,1.13,1.00
2012.04.02 22:04:06.153,1.20377,1.20397,1.13,0.75
2012.04.02 22:04:06.904,1.20376,1.20397,1.13,0.75
2012.04.02 22:04:08.221,1.20375,1.20397,1.13,0.75
2012.04.02 22:04:11.794,1.20375,1.20396,1.13,0.75
2012.04.02 22:04:15.195,1.20377,1.20396,1.13,0.75
2012.04.02 22:04:22.270,1.20377,1.20397,1.13,0.75
2012.04.02 22:04:30.209,1.20377,1.20396,1.13,0.75
2012.04.02 22:05:00.476,1.20377,1.20397,1.13,0.75
2012.04.02 22:05:10.212,1.20377,1.20398,1.13,0.75
2012.04.02 22:05:39.561,1.20377,1.20397,1.13,0.75
2012.04.02 22:05:41.715,1.20377,1.20399,1.13,2.00
2012.04.02 22:05:42.298,1.20377,1.20399,1.13,1.00
2012.04.02 22:06:06.752,1.20335,1.20356,1.13,2.22
2012.04.02 22:06:10.724,1.20341,1.20361,1.50,1.47
2012.04.02 22:06:20.004,1.20345,1.20366,1.88,2.97
2012.04.02 22:06:21.071,1.2035,1.20371,4.88,1.47
2012.04.02 22:06:21.450,1.20356,1.20377,1.50,1.47
2012.04.02 22:06:21.984,1.20364,1.20385,1.88,2.97
2012.04.02 22:06:28.103,1.20368,1.20389,1.13,2.22
2012.04.02 22:06:39.742,1.20366,1.20387,1.88,2.97
2012.04.02 22:06:40.175,1.20361,1.20383,4.88,1.47
2012.04.02 22:06:48.044,1.20357,1.20379,1.50,1.47
2012.04.02 22:06:51.166,1.20355,1.20377,1.13,2.22
2012.04.02 22:06:53.039,1.20357,1.20379,4.13,1.47
2012.04.02 22:06:58.081,1.20357,1.20379,4.88,1.47
2012.04.02 22:07:04.508,1.20377,1.20399,1.13,1.00
2012.04.02 22:07:10.311,1.20378,1.20399,1.13,1.00
2012.04.02 22:07:10.577,1.2038,1.20399,1.50,1.00
2012.04.02 22:07:10.953,1.20378,1.20399,1.13,1.00
2012.04.02 22:08:09.913,1.20379,1.20399,1.50,0.80
2012.04.02 22:09:09.951,1.20378,1.20399,1.13,0.80
2012.04.02 22:10:48.705,1.20377,1.20399,0.75,0.70
2012.04.02 22:10:48.835,1.20374,1.20399,0.42,0.70
2012.04.02 22:10:48.969,1.20378,1.20399,1.50,0.70
2012.04.02 22:10:54.460,1.20379,1.20399,1.50,0.60
2012.04.02 22:10:54.786,1.20381,1.20399,1.50,0.60
2012.04.02 22:10:58.818,1.20378,1.20399,1.50,0.60
2012.04.02 22:11:28.063,1.20379,1.20399,1.50,0.60
2012.04.02 22:11:28.597,1.20378,1.20399,1.50,0.60
2012.04.02 22:12:28.733,1.20374,1.20399,0.51,0.60
2012.04.02 22:12:48.839,1.20375,1.20399,0.19,0.60
2012.04.02 22:12:50.564,1.20376,1.20399,0.19,0.60
2012.04.02 22:13:08.106,1.20375,1.20399,0.19,0.60
2012.04.02 22:13:29.154,1.20376,1.20399,0.19,0.60
2012.04.02 22:14:16.298,1.20379,1.20399,0.19,0.60
2012.04.02 22:14:18.587,1.20376,1.20399,0.19,0.60
2012.04.02 22:15:00.958,1.20379,1.20399,0.75,0.60
2012.04.02 22:15:01.271,1.20376,1.20399,0.19,0.60
2012.04.02 22:15:18.781,1.20374,1.20399,0.51,0.60
2012.04.02 22:15:22.026,1.20378,1.20399,0.19,0.60
2012.04.02 22:15:25.908,1.20376,1.20399,0.75,0.60
2012.04.02 22:15:26.966,1.20378,1.20399,0.75,0.60
2012.04.02 22:16:05.257,1.20376,1.20399,0.19,0.60
2012.04.02 22:16:06.346,1.20373,1.20399,1.04,0.60
2012.04.02 22:16:07.506,1.20376,1.20399,1.50,0.60
2012.04.02 22:16:11.368,1.2038,1.20399,0.75,0.60
2012.04.02 22:16:15.151,1.20378,1.20399,1.50,0.60
2012.04.02 22:16:15.217,1.20376,1.20399,1.50,0.60
2012.04.02 22:16:16.003,1.20375,1.20399,1.50,0.60
2012.04.02 22:16:21.938,1.20378,1.20399,0.75,0.60
2012.04.02 22:16:24.137,1.20381,1.20399,0.75,0.60
2012.04.02 22:16:42.429,1.20383,1.20399,0.75,0.60
2012.04.02 22:16:44.536,1.20379,1.20399,0.75,0.60
2012.04.02 22:16:50.413,1.20378,1.20399,1.50,0.60
2012.04.02 22:16:50.877,1.2038,1.20399,0.75,0.60
2012.04.02 22:17:17.955,1.20383,1.20399,0.75,0.60
2012.04.02 22:18:07.650,1.20379,1.20399,0.75,0.60
2012.04.02 22:19:07.732,1.20374,1.20399,0.19,0.60
2012.04.02 22:19:22.661,1.20373,1.20399,0.27,0.60
2012.04.02 22:19:54.174,1.20375,1.20399,0.19,0.60
2012.04.02 22:19:57.609,1.20377,1.20399,0.19,0.60
2012.04.02 22:19:57.927,1.20382,1.20399,0.75,0.60
2012.04.02 22:20:26.148,1.20375,1.20399,1.13,0.60
2012.04.02 22:20:38.789,1.20377,1.20399,2.44,0.60
2012.04.02 22:20:39.469,1.20378,1.20399,1.50,0.60
2012.04.02 22:20:43.972,1.20378,1.20399,1.69,0.60
2012.04.02 22:20:44.178,1.20377,1.20399,2.44,0.60
2012.04.02 22:20:44.428,1.20377,1.20399,2.44,0.60
2012.04.02 22:21:01.303,1.20377,1.20399,1.69,0.60
2012.04.02 22:21:20.997,1.20377,1.20399,2.25,0.60
2012.04.02 22:22:21.019,1.2037,1.20399,1.84,0.60
2012.04.02 22:22:27.908,1.2037,1.20399,1.84,0.60
2012.04.02 22:22:30.501,1.2037,1.20399,1.84,0.60
2012.04.02 22:22:30.749,1.2037,1.20399,1.28,0.60
2012.04.02 22:22:35.277,1.2037,1.20399,2.03,0.60
2012.04.02 22:22:42.137,1.20375,1.20399,1.13,0.60
2012.04.02 22:22:50.629,1.20374,1.20399,1.13,0.60
2012.04.02 22:22:51.501,1.20374,1.20399,1.13,0.60
2012.04.02 22:23:31.567,1.20376,1.20399,1.13,0.60
2012.04.02 22:23:50.950,1.20376,1.20399,1.13,0.60
2012.04.02 22:24:50.598,1.20373,1.20399,1.88,0.60
2012.04.02 22:24:56.356,1.20376,1.20399,1.13,0.60
2012.04.02 22:25:10.809,1.20377,1.20399,1.13,0.60
2012.04.02 22:25:25.159,1.20379,1.20399,1.50,0.60
2012.04.02 22:25:26.618,1.20378,1.20399,1.13,0.60
2012.04.02 22:25:27.917,1.20378,1.20399,1.13,0.60
2012.04.02 22:25:32.801,1.20373,1.20399,2.07,0.60
2012.04.02 22:26:32.968,1.20373,1.20399,1.32,0.60
2012.04.02 22:26:34.237,1.20373,1.20399,2.25,0.60
2012.04.02 22:26:34.936,1.20381,1.20399,1.13,0.60
2012.04.02 22:26:35.431,1.20376,1.20399,1.13,0.60
2012.04.02 22:26:37.928,1.20377,1.20399,1.50,0.60
2012.04.02 22:26:39.019,1.20374,1.20399,1.79,0.60
2012.04.02 22:26:44.361,1.2038,1.20399,1.13,0.60
2012.04.02 22:26:45.190,1.2038,1.20399,2.25,0.60
2012.04.02 22:26:49.735,1.2038,1.20399,2.25,0.60
2012.04.02 22:26:50.424,1.20382,1.20399,3.57,0.60
2012.04.02 22:27:49.324,1.20385,1.20399,1.50,0.60
2012.04.02 22:27:49.677,1.20385,1.20399,1.50,0.60
2012.04.02 22:27:51.061,1.20384,1.20399,1.13,0.60
2012.04.02 22:27:52.097,1.20382,1.20399,2.07,0.60
2012.04.02 22:27:54.259,1.20382,1.20399,2.07,0.60
2012.04.02 22:27:56.641,1.20382,1.20399,2.07,0.60
2012.04.02 22:27:56.791,1.2038,1.20399,2.44,0.60
2012.04.02 22:27:57.006,1.20381,1.20399,2.07,0.60
2012.04.02 22:27:59.288,1.20381,1.20399,2.63,0.60
2012.04.02 22:27:59.738,1.20378,1.20399,3.24,0.60
2012.04.02 22:28:00.734,1.20378,1.20399,2.30,0.60
2012.04.02 22:28:01.731,1.20378,1.20399,2.30,0.60
2012.04.02 22:28:02.396,1.20378,1.20399,2.30,0.60
2012.04.02 22:28:16.781,1.20378,1.20399,2.44,0.60
2012.04.02 22:28:18.513,1.20378,1.20399,2.25,0.60
2012.04.02 22:28:20.652,1.20378,1.20399,1.50,0.60
2012.04.02 22:28:21.910,1.20373,1.20399,1.23,2.85
2012.04.02 22:28:22.360,1.20373,1.20399,1.98,2.85
2012.04.02 22:28:22.713,1.20373,1.20397,1.98,1.47
2012.04.02 22:28:25.136,1.20373,1.20397,1.98,1.66
2012.04.02 22:28:26.830,1.20374,1.20399,1.88,3.85
2012.04.02 22:28:26.908,1.20377,1.20399,1.13,2.60
2012.04.02 22:28:27.338,1.20378,1.20399,2.07,0.60
2012.04.02 22:28:28.135,1.20378,1.20399,3.57,0.60
2012.04.02 22:28:29.077,1.20376,1.20399,2.25,0.60
2012.04.02 22:28:29.168,1.20377,1.20397,1.88,1.50
2012.04.02 22:28:29.587,1.20377,1.20397,1.88,1.50
2012.04.02 22:28:29.665,1.20377,1.20399,1.88,0.60
2012.04.02 22:28:29.741,1.20377,1.20399,1.88,0.60
2012.04.02 22:28:31.074,1.20378,1.20399,1.88,0.60
2012.04.02 22:28:32.322,1.20378,1.20399,1.88,0.60
2012.04.02 22:28:32.470,1.20375,1.20399,2.25,1.60
2012.04.02 22:28:32.752,1.20374,1.20399,1.98,2.35
2012.04.02 22:28:32.822,1.20374,1.20399,1.98,1.60
2012.04.02 22:28:33.080,1.20374,1.20397,1.98,1.50
2012.04.02 22:28:34.491,1.20374,1.20397,1.98,1.50
2012.04.02 22:28:34.845,1.20374,1.20398,1.98,1.50
2012.04.02 22:28:35.188,1.20374,1.20398,1.98,1.50
2012.04.02 22:28:35.708,1.20374,1.20398,2.73,1.50
2012.04.02 22:28:36.065,1.20378,1.20398,1.88,1.50
2012.04.02 22:28:36.574,1.20378,1.20399,1.88,0.60
2012.04.02 22:28:38.594,1.20378,1.20399,1.88,0.60
2012.04.02 22:28:47.190,1.20378,1.20399,1.88,0.60
2012.04.02 22:28:58.668,1.20375,1.20399,1.88,0.60
2012.04.02 22:28:58.813,1.20375,1.20399,1.88,0.60
2012.04.02 22:28:58.882,1.20375,1.20399,1.88,0.60
2012.04.02 22:28:58.956,1.20375,1.20399,1.88,2.85
2012.04.02 22:28:59.268,1.20378,1.20399,1.88,1.60
2012.04.02 22:28:59.352,1.20378,1.20399,1.88,0.60
2012.04.02 22:29:00.121,1.20382,1.20399,1.88,0.60
2012.04.02 22:29:01.070,1.20382,1.20399,1.88,0.60
2012.04.02 22:29:01.288,1.20382,1.20399,1.88,0.60
2012.04.02 22:29:03.011,1.20378,1.20399,1.88,0.60
2012.04.02 22:29:03.346,1.20378,1.20399,1.88,0.60
2012.04.02 22:29:03.734,1.20378,1.20399,1.88,0.60
2012.04.02 22:29:05.085,1.20378,1.20399,1.88,0.60
2012.04.02 22:29:05.239,1.20378,1.20399,1.88,0.60
2012.04.02 22:29:05.881,1.20378,1.20399,1.88,0.60
2012.04.02 22:29:06.404,1.20378,1.20399,1.88,0.60
2012.04.02 22:29:08.523,1.20378,1.20399,1.88,0.60
2012.04.02 22:29:11.172,1.20378,1.20399,1.88,0.60
2012.04.02 22:29:11.721,1.20378,1.20399,1.88,0.60
2012.04.02 22:29:33.531,1.20378,1.20399,1.88,0.60
2012.04.02 22:29:52.842,1.20378,1.20399,1.88,0.60
2012.04.02 22:30:00.665,1.20378,1.20399,1.88,0.60
2012.04.02 22:30:01.123,1.20378,1.20399,1.88,0.60
2012.04.02 22:30:10.752,1.20378,1.20399,1.88,0.60
2012.04.02 22:30:17.440,1.20378,1.20399,1.88,0.60
2012.04.02 22:30:17.533,1.20378,1.20399,1.88,0.60
2012.04.02 22:30:18.045,1.20378,1.20399,1.88,0.60
2012.04.02 22:30:18.631,1.20377,1.20399,1.88,0.60
2012.04.02 22:30:30.799,1.20377,1.20399,1.88,0.60
2012.04.02 22:30:42.472,1.20377,1.20399,1.88,0.60
2012.04.02 22:31:00.219,1.20377,1.20399,1.88,0.60
2012.04.02 22:31:01.356,1.20377,1.20399,1.88,0.60
2012.04.02 22:31:06.267,1.20377,1.20399,1.88,0.60
2012.04.02 22:31:08.890,1.20377,1.20399,2.82,0.60
2012.04.02 22:31:20.351,1.20379,1.20399,1.69,0.60
2012.04.02 22:31:20.970,1.20379,1.20399,1.69,0.60
2012.04.02 22:31:21.469,1.20381,1.20399,2.07,0.60
2012.04.02 22:31:21.698,1.20381,1.20399,2.07,0.60
2012.04.02 22:31:21.929,1.20382,1.20399,1.50,0.60
2012.04.02 22:31:22.447,1.20381,1.20399,1.88,0.60
2012.04.02 22:31:28.273,1.20378,1.20399,2.07,0.60
2012.04.02 22:32:09.046,1.20377,1.20399,1.88,0.56
2012.04.02 22:32:21.374,1.20377,1.20399,4.32,0.56
2012.04.02 22:32:21.786,1.20378,1.20399,1.13,0.56
2012.04.02 22:32:22.888,1.20378,1.20399,1.13,0.56
2012.04.02 22:32:23.991,1.20378,1.20399,1.13,0.56
2012.04.02 22:32:28.693,1.20378,1.20399,1.13,0.56
2012.04.02 22:32:28.998,1.20377,1.20399,3.57,0.56
2012.04.02 22:32:31.395,1.2038,1.20399,2.25,0.56
2012.04.02 22:32:32.366,1.20378,1.20399,1.88,0.56
2012.04.02 22:32:32.515,1.20378,1.20399,1.88,0.56
2012.04.02 22:32:33.046,1.20379,1.20399,2.25,0.56
2012.04.02 22:32:33.488,1.20377,1.20399,4.13,0.56
2012.04.02 22:32:33.564,1.20377,1.20399,4.13,0.56
2012.04.02 22:33:03.316,1.20378,1.20399,1.13,0.56
2012.04.02 22:33:06.100,1.20378,1.20399,2.25,0.56
2012.04.02 22:33:28.087,1.20378,1.20399,2.44,0.56
2012.04.02 22:33:38.944,1.20379,1.20399,2.44,0.56
2012.04.02 22:33:42.744,1.20379,1.20399,2.44,0.56
2012.04.02 22:34:30.995,1.20377,1.20399,3.57,0.56
2012.04.02 22:35:15.769,1.20377,1.20399,3.57,0.56
2012.04.02 22:35:21.577,1.20378,1.20399,1.69,0.56
2012.04.02 22:35:23.321,1.20378,1.20399,1.69,0.56
2012.04.02 22:35:56.742,1.20377,1.20399,3.57,0.56
2012.04.02 22:35:57.161,1.20379,1.20399,1.69,0.56
2012.04.02 22:35:57.656,1.20377,1.20399,2.63,0.56
2012.04.02 22:36:19.390,1.20378,1.20399,1.13,0.56
2012.04.02 22:37:00.504,1.20365,1.20385,1.19,2.22
2012.04.02 22:37:05.337,1.20374,1.20388,1.50,2.25
2012.04.02 22:37:12.998,1.20367,1.20387,1.19,1.47
2012.04.02 22:37:37.703,1.2036,1.20375,0.94,0.64
2012.04.02 22:37:40.053,1.20356,1.20372,1.19,2.22
2012.04.02 22:37:41.789,1.20361,1.20377,1.19,2.22
2012.04.02 22:37:43.325,1.20367,1.2038,0.70,2.25
2012.04.02 22:38:01.247,1.20345,1.20363,1.50,1.50
2012.04.02 22:38:04.987,1.20351,1.20371,1.19,1.47
2012.04.02 22:38:08.314,1.2036,1.2038,1.50,1.50
2012.04.02 22:38:14.596,1.20369,1.20389,2.25,1.50
2012.04.02 22:38:17.423,1.20372,1.20392,1.19,2.22
2012.04.02 22:38:18.156,1.2037,1.2039,2.25,2.63
2012.04.02 22:38:19.053,1.20366,1.20386,1.19,1.47
2012.04.02 22:38:28.031,1.20368,1.2038,1.50,2.25
2012.04.02 22:38:29.018,1.20366,1.20382,1.19,2.22
2012.04.02 22:38:29.477,1.20366,1.20386,0.70,2.25
2012.04.02 22:38:47.838,1.20368,1.20388,1.19,2.22
2012.04.02 22:39:05.738,1.2038,1.20399,1.50,0.56
2012.04.02 22:39:06.022,1.20378,1.20399,1.13,0.56
2012.04.02 22:39:52.120,1.20377,1.20399,2.63,0.56
2012.04.02 22:40:38.743,1.20379,1.20399,1.50,0.56
2012.04.02 22:40:38.813,1.20377,1.20399,2.63,0.56
2012.04.02 22:40:41.531,1.20377,1.20399,3.38,0.56
2012.04.02 22:40:45.404,1.20377,1.20399,2.63,0.56
2012.04.02 22:40:52.189,1.20377,1.20399,3.38,0.56
2012.04.02 22:40:52.700,1.20379,1.20399,1.50,0.56
2012.04.02 22:41:52.693,1.20377,1.20399,1.32,0.56
2012.04.02 22:42:18.453,1.20381,1.20399,1.50,0.56
2012.04.02 22:42:19.015,1.20382,1.20399,2.25,0.56
2012.04.02 22:42:19.484,1.20381,1.20399,2.25,0.56
2012.04.02 22:42:19.685,1.20381,1.20399,2.25,0.56
2012.04.02 22:42:20.216,1.20382,1.20399,1.50,0.56
2012.04.02 22:42:21.024,1.20379,1.20399,2.44,0.56
2012.04.02 22:42:21.517,1.20377,1.20399,4.32,0.56
2012.04.02 22:42:28.386,1.20377,1.20399,4.32,0.56
2012.04.02 22:42:29.131,1.20377,1.20399,3.38,0.56
2012.04.02 22:42:31.313,1.20377,1.20399,3.57,0.56
2012.04.02 22:42:32.551,1.20377,1.20399,3.38,0.56
2012.04.02 22:42:33.971,1.20377,1.20399,3.75,0.56
2012.04.02 22:42:36.243,1.20377,1.20399,3.57,0.56
2012.04.02 22:42:46.504,1.20377,1.20399,3.75,0.56
2012.04.02 22:42:46.861,1.20379,1.20399,1.69,0.56
2012.04.02 22:42:47.171,1.20379,1.20399,1.69,0.56
2012.04.02 22:42:47.764,1.2038,1.20399,1.50,0.56
2012.04.02 22:43:46.232,1.2038,1.20399,2.44,0.56
2012.04.02 22:43:55.152,1.20379,1.20399,2.25,0.56
2012.04.02 22:44:05.385,1.20379,1.20399,2.25,0.56
2012.04.02 22:44:15.613,1.20378,1.20399,2.25,0.56
2012.04.02 22:44:30.046,1.20379,1.20399,2.25,0.56
2012.04.02 22:44:38.571,1.20379,1.20399,2.25,0.56
2012.04.02 22:44:41.283,1.2038,1.20399,2.44,0.56
2012.04.02 22:44:42.185,1.20382,1.20399,2.25,0.56
2012.04.02 22:44:49.503,1.20377,1.20399,3.57,0.56
2012.04.02 22:44:51.385,1.20378,1.20399,2.44,0.56
2012.04.02 22:44:57.680,1.20379,1.20399,1.69,0.56
2012.04.02 22:44:57.829,1.20379,1.20399,2.44,0.56
2012.04.02 22:45:43.274,1.20382,1.20399,1.13,0.56
2012.04.02 22:45:43.677,1.20386,1.20399,1.50,0.56
2012.04.02 22:46:43.380,1.20383,1.20399,2.25,0.56
2012.04.02 22:46:47.681,1.20382,1.20399,1.13,0.56
2012.04.02 22:46:56.576,1.20379,1.20399,2.63,0.56
2012.04.02 22:46:56.974,1.20382,1.20399,1.13,0.56
2012.04.02 22:47:00.536,1.20383,1.20399,1.13,0.56
2012.04.02 22:48:00.081,1.20375,1.20393,2.25,1.13
2012.04.02 22:48:13.648,1.20365,1.20384,2.25,1.50
2012.04.02 22:48:30.063,1.20352,1.20371,2.25,1.13
2012.04.02 22:48:36.168,1.20345,1.20364,3.75,1.75
2012.04.02 22:48:38.662,1.20348,1.20366,3.00,1.13
2012.04.02 22:48:40.428,1.20357,1.20374,3.75,1.13
2012.04.02 22:48:44.495,1.20367,1.20386,3.00,1.32
2012.04.02 22:48:45.054,1.20377,1.20394,1.50,1.13
2012.04.02 22:48:59.137,1.20384,1.20402,3.00,1.32
2012.04.02 22:49:00.298,1.20366,1.20385,2.25,4.00
2012.04.02 22:49:00.435,1.20369,1.20385,1.50,1.13
2012.04.02 22:49:01.267,1.20368,1.20384,3.00,5.94
2012.04.02 22:49:02.058,1.20368,1.20384,2.25,1.32
2012.04.02 22:49:02.257,1.20369,1.20384,3.75,1.13
2012.04.02 22:49:05.132,1.20368,1.20388,3.00,2.07
2012.04.02 22:49:05.663,1.20371,1.20389,3.00,5.94
2012.04.02 22:49:06.199,1.20372,1.20391,3.75,1.13
2012.04.02 22:49:06.710,1.20371,1.20389,3.00,1.13
2012.04.02 22:49:08.542,1.2037,1.2039,3.00,1.32
2012.04.02 22:49:09.085,1.2037,1.2039,3.00,5.94
2012.04.02 22:49:13.233,1.20372,1.2039,3.75,1.13
2012.04.02 22:49:13.635,1.20375,1.20389,2.25,2.25
2012.04.02 22:49:18.335,1.20379,1.20395,3.00,1.32
2012.04.02 22:49:18.868,1.20379,1.20394,3.00,5.94
2012.04.02 22:49:20.757,1.20375,1.2039,2.25,2.14
2012.04.02 22:49:22.636,1.20372,1.20386,3.00,1.32
2012.04.02 22:49:24.837,1.20367,1.20387,1.50,2.14
2012.04.02 22:49:26.167,1.2037,1.20387,3.75,1.13
2012.04.02 22:49:26.718,1.20372,1.20388,3.00,1.32
2012.04.02 22:49:30.319,1.20369,1.20386,2.25,2.07
2012.04.02 22:49:31.025,1.20368,1.20383,3.00,1.19
2012.04.02 22:49:32.013,1.20367,1.20382,3.00,1.32
2012.04.02 22:49:32.523,1.20367,1.20382,2.25,1.13
2012.04.02 22:49:32.812,1.20367,1.20382,3.00,1.13
2012.04.02 22:49:33.447,1.20365,1.2038,3.00,1.32
2012.04.02 22:49:33.953,1.20361,1.20376,4.50,1.50
2012.04.02 22:49:36.331,1.20358,1.20374,3.00,1.32
2012.04.02 22:49:36.914,1.20361,1.20375,3.00,5.94
2012.04.02 22:49:38.096,1.20364,1.20378,3.75,1.13
2012.04.02 22:49:39.738,1.20365,1.20379,2.25,3.94
2012.04.02 22:49:39.888,1.20367,1.20381,3.00,1.32
2012.04.02 22:49:45.832,1.20367,1.20383,3.75,1.13
2012.04.02 22:49:49.079,1.20366,1.20386,3.00,5.94
2012.04.02 22:49:49.695,1.20368,1.20383,3.75,1.32
2012.04.02 22:49:50.647,1.20367,1.20382,3.00,1.13
2012.04.02 22:49:51.450,1.20366,1.20381,3.75,1.13
2012.04.02 22:49:51.596,1.20365,1.20381,3.00,5.94
2012.04.02 22:49:55.177,1.20367,1.20383,2.25,1.13
2012.04.02 22:49:55.733,1.20369,1.20385,3.75,1.13
2012.04.02 22:49:59.766,1.2037,1.20386,3.00,1.13
2012.04.02 22:50:00.291,1.20371,1.20387,3.00,5.94
2012.04.02 22:50:07.511,1.20372,1.20388,3.75,1.75
2012.04.02 22:50:09.282,1.20372,1.20391,3.00,5.94
2012.04.02 22:50:09.879,1.20371,1.20392,3.00,1.13
2012.04.02 22:50:10.254,1.20371,1.2039,2.25,2.82
2012.04.02 22:50:11.919,1.20368,1.20389,3.75,1.32
2012.04.02 22:50:12.913,1.20367,1.20388,2.25,1.32
2012.04.02 22:50:13.439,1.20368,1.20389,2.25,4.00
2012.04.02 22:50:13.992,1.20374,1.20393,3.00,1.32
2012.04.02 22:50:14.208,1.20377,1.20395,3.00,5.94
2012.04.02 22:50:14.286,1.20373,1.20395,2.25,1.50
2012.04.02 22:50:14.437,1.2037,1.2039,3.75,1.13
2012.04.02 22:50:14.796,1.20366,1.20387,2.25,2.07
2012.04.02 22:50:14.873,1.20367,1.20383,3.00,1.32
2012.04.02 22:50:16.150,1.20367,1.20381,2.25,1.13
2012.04.02 22:50:28.890,1.20365,1.20379,3.00,1.13
2012.04.02 22:50:35.141,1.20364,1.20378,3.00,5.94
2012.04.02 22:50:35.287,1.20362,1.20379,3.75,2.07
2012.04.02 22:50:45.635,1.20357,1.20378,3.00,5.94
2012.04.02 22:50:46.372,1.20351,1.20372,3.75,1.13
2012.04.02 22:50:46.983,1.2035,1.20372,2.25,1.13
2012.04.02 22:50:49.201,1.20355,1.20376,3.75,1.50
2012.04.02 22:50:49.687,1.2036,1.20381,3.00,5.94
2012.04.02 22:50:50.876,1.2036,1.20381,1.50,1.13
2012.04.02 22:50:54.164,1.20363,1.20384,3.00,1.32
2012.04.02 22:50:54.303,1.20365,1.20386,3.00,2.44
2012.04.02 22:50:54.438,1.20366,1.20388,1.50,1.32
2012.04.02 22:51:04.931,1.20368,1.2039,3.00,1.32
2012.04.02 22:51:05.660,1.2037,1.20391,3.75,1.50
2012.04.02 22:51:06.066,1.20375,1.20396,3.00,2.19
2012.04.02 22:51:06.736,1.2038,1.20401,3.75,1.50
2012.04.02 22:51:08.398,1.20381,1.20402,1.50,1.32
2012.04.02 22:51:09.129,1.20375,1.20396,1.50,1.32
2012.04.02 22:51:10.251,1.20372,1.2039,3.75,1.13
2012.04.02 22:51:10.816,1.20368,1.20386,3.00,2.07
2012.04.02 22:51:13.407,1.20367,1.20384,2.25,1.32
2012.04.02 22:51:13.619,1.20364,1.20378,1.50,1.13
2012.04.02 22:51:13.967,1.2036,1.20376,2.25,4.00
2012.04.02 22:51:29.629,1.20359,1.20377,3.00,5.94
2012.04.02 22:51:34.793,1.20366,1.20384,2.25,1.13
2012.04.02 22:51:37.068,1.20373,1.20391,3.75,4.19
2012.04.02 22:51:38.764,1.20377,1.20395,4.50,1.50
2012.04.02 22:51:40.140,1.2038,1.20398,3.75,1.50
2012.04.02 22:51:50.801,1.20379,1.20397,3.00,5.94
2012.04.02 22:51:54.471,1.20376,1.20398,3.75,1.13
2012.04.02 22:51:54.985,1.20373,1.20395,3.00,1.13
2012.04.02 22:51:55.895,1.20372,1.20392,1.50,1.13
2012.04.02 22:51:57.868,1.20371,1.20391,3.75,1.50
2012.04.02 22:52:03.306,1.2038,1.20399,1.13,0.46
2012.04.02 22:52:13.969,1.20381,1.20399,1.88,0.46
2012.04.02 22:52:28.932,1.20381,1.20399,1.13,0.46
2012.04.02 22:52:42.803,1.20382,1.20399,1.13,0.46
2012.04.02 22:53:17.781,1.20382,1.20399,1.13,0.46
2012.04.02 22:53:37.691,1.2038,1.20399,2.07,0.46
2012.04.02 22:53:37.762,1.20383,1.20399,1.13,0.46
2012.04.02 22:53:44.728,1.20382,1.20399,1.13,0.46
2012.04.02 22:53:45.257,1.20382,1.20399,1.88,0.46
2012.04.02 22:53:45.930,1.2038,1.20399,3.00,0.46
2012.04.02 22:53:46.089,1.20382,1.20399,1.88,0.46
2012.04.02 22:53:47.055,1.20382,1.20399,1.50,0.46
2012.04.02 22:53:47.156,1.20377,1.20399,1.88,0.46
2012.04.02 22:53:50.735,1.20377,1.20399,1.13,0.46
2012.04.02 22:53:50.862,1.20377,1.20399,1.88,0.46
2012.04.02 22:53:52.227,1.20375,1.20399,3.38,0.46
2012.04.02 22:54:02.810,1.20374,1.20399,1.50,0.46
2012.04.02 22:54:02.898,1.20372,1.20399,3.00,0.46
2012.04.02 22:54:03.283,1.20369,1.20397,2.44,3.00
2012.04.02 22:54:03.402,1.2037,1.20395,2.25,1.13
2012.04.02 22:54:03.615,1.2037,1.20395,1.88,2.25
2012.04.02 22:54:04.179,1.2037,1.20395,1.88,2.25
2012.04.02 22:54:05.003,1.20371,1.20396,2.25,1.69
2012.04.02 22:54:05.497,1.2037,1.20396,3.38,2.25
2012.04.02 22:54:06.075,1.2037,1.20396,3.38,2.25
2012.04.02 22:54:06.610,1.2037,1.20396,3.38,2.25
2012.04.02 22:54:08.606,1.2037,1.20396,3.38,3.00
2012.04.02 22:54:09.142,1.2037,1.20396,3.38,3.00
2012.04.02 22:54:09.494,1.2037,1.20396,3.38,1.50
2012.04.02 22:54:40.538,1.20371,1.20397,3.38,1.47
2012.04.02 22:54:47.477,1.20371,1.20397,3.38,1.85
2012.04.02 22:55:02.766,1.20371,1.20397,3.38,1.10
2012.04.02 22:55:14.201,1.20371,1.20397,3.38,1.10
2012.04.02 22:55:29.007,1.20371,1.20397,3.38,1.10
2012.04.02 22:55:59.001,1.20374,1.20397,2.25,1.10
2012.04.02 22:55:59.532,1.20374,1.20397,2.25,1.10
2012.04.02 22:56:13.893,1.20374,1.20397,2.25,1.10
2012.04.02 22:56:28.491,1.20374,1.20399,2.25,2.68
2012.04.02 22:56:36.993,1.20371,1.20399,1.88,2.68
2012.04.02 22:57:28.322,1.20375,1.20399,2.25,3.18
2012.04.02 22:57:45.373,1.20375,1.20399,2.25,1.18
2012.04.02 22:57:54.166,1.20375,1.20397,2.25,1.66
2012.04.02 22:57:59.717,1.20375,1.20397,1.50,2.44
2012.04.02 22:58:00.660,1.20369,1.20399,1.50,2.87
2012.04.02 22:58:03.904,1.20369,1.20396,1.50,1.50
2012.04.02 22:58:04.578,1.20369,1.20397,1.50,2.44
2012.04.02 22:58:05.922,1.20369,1.20397,1.50,1.69
2012.04.02 22:58:15.794,1.20371,1.20397,1.88,2.03
2012.04.02 22:58:24.451,1.20371,1.20397,1.88,3.35
2012.04.02 22:58:24.582,1.20371,1.20397,1.88,3.35
2012.04.02 22:58:25.491,1.20371,1.20397,1.88,1.10
2012.04.02 22:58:48.713,1.20371,1.20398,1.88,1.28
2012.04.02 22:58:48.785,1.20371,1.20399,1.88,2.37
2012.04.02 22:58:50.936,1.20371,1.20399,1.88,2.18
2012.04.02 22:58:51.357,1.20371,1.20399,1.88,0.46
2012.04.02 22:58:52.054,1.20372,1.20399,1.50,0.46
2012.04.02 22:58:52.668,1.20372,1.20399,1.50,0.46
2012.04.02 22:58:55.051,1.20372,1.20399,1.50,0.46
2012.04.02 22:58:55.466,1.20372,1.20399,1.69,0.46
2012.04.02 22:58:57.836,1.20374,1.20399,1.50,0.46
2012.04.02 22:59:01.033,1.20373,1.20399,1.69,0.46
2012.04.02 22:59:02.191,1.20373,1.20399,1.69,0.46
2012.04.02 22:59:03.315,1.20373,1.20399,1.69,0.46
2012.04.02 22:59:03.741,1.20373,1.20399,1.69,0.46
2012.04.02 22:59:06.685,1.20374,1.20399,1.50,0.46
2012.04.02 22:59:07.461,1.20374,1.20399,1.50,0.46
2012.04.02 22:59:11.899,1.20374,1.20399,1.88,0.46
2012.04.02 22:59:12.256,1.20376,1.20399,1.69,0.46
2012.04.02 22:59:15.446,1.20373,1.20399,1.69,0.84
2012.04.02 22:59:15.659,1.20369,1.20388,3.00,2.07
2012.04.02 22:59:15.740,1.20364,1.20387,1.50,1.88
2012.04.02 22:59:15.890,1.20365,1.20391,1.88,1.13
2012.04.02 22:59:16.111,1.2037,1.20395,1.88,1.28
2012.04.02 22:59:16.263,1.2037,1.20395,1.88,1.85
2012.04.02 22:59:16.812,1.20371,1.20399,1.50,2.21
2012.04.02 22:59:17.165,1.20372,1.20399,3.57,0.46
2012.04.02 22:59:17.895,1.20377,1.20399,1.50,0.46
2012.04.02 22:59:17.966,1.20377,1.20399,1.50,0.46
2012.04.02 22:59:18.527,1.20374,1.20399,1.69,0.46
2012.04.02 22:59:18.878,1.20376,1.20399,1.50,0.46
2012.04.02 22:59:19.479,1.20376,1.20399,1.50,0.46
2012.04.02 22:59:26.418,1.20376,1.20396,1.50,3.94
2012.04.02 22:59:26.497,1.20376,1.20396,1.50,3.19
2012.04.02 22:59:26.566,1.20372,1.20396,3.00,1.50
2012.04.02 22:59:26.635,1.20368,1.20396,1.50,2.44
2012.04.02 22:59:27.197,1.20368,1.20396,1.50,4.50
2012.04.02 22:59:30.782,1.20369,1.20396,1.88,6.35
2012.04.02 22:59:31.134,1.2037,1.20399,1.88,0.65
2012.04.02 22:59:31.485,1.20374,1.20399,1.50,0.46
2012.04.02 22:59:32.015,1.20374,1.20399,1.69,0.46
2012.04.02 22:59:37.063,1.20371,1.20399,1.88,0.46
2012.04.02 22:59:38.122,1.20371,1.20399,1.88,0.46
