2009.02.19 11:00:00.188,1.4897,1.48995,1.00,1.20
2009.02.19 11:00:00.758,1.48975,1.49,1.80,1.60
2009.02.19 11:00:01.338,1.48975,1.48995,1.40,5.60
2009.02.19 11:00:01.568,1.4898,1.49,1.80,1.60
2009.02.19 11:00:02.038,1.4898,1.49,4.40,1.60
2009.02.19 11:00:02.267,1.4898,1.49,2.60,6.00
2009.02.19 11:00:02.447,1.4897,1.48995,5.00,5.60
2009.02.19 11:00:02.737,1.4896,1.48995,2.00,5.60
2009.02.19 11:00:02.967,1.48955,1.48995,12.40,6.80
2009.02.19 11:00:03.617,1.48955,1.48995,12.40,5.60
2009.02.19 11:00:04.137,1.48955,1.48995,12.40,6.80
2009.02.19 11:00:04.787,1.48955,1.48995,10.60,6.80
2009.02.19 11:00:04.907,1.4896,1.48995,1.40,7.80
2009.02.19 11:00:05.656,1.4896,1.48995,1.40,6.80
2009.02.19 11:00:06.016,1.48955,1.48995,10.20,6.80
2009.02.19 11:00:06.406,1.48955,1.48995,10.20,7.80
2009.02.19 11:00:06.926,1.48955,1.48995,10.20,9.20
2009.02.19 11:00:07.096,1.48955,1.48985,5.40,10.60
2009.02.19 11:00:07.266,1.4896,1.4898,1.40,6.00
2009.02.19 11:00:11.925,1.4896,1.48985,1.40,2.80
2009.02.19 11:00:12.165,1.48955,1.48995,10.20,7.80
2009.02.19 11:00:12.565,1.48955,1.48995,15.80,1.20
2009.02.19 11:00:24.312,1.48955,1.48995,18.00,1.20
2009.02.19 11:00:26.172,1.48955,1.48995,16.20,1.20
2009.02.19 11:00:26.741,1.48955,1.48995,18.00,1.20
2009.02.19 11:00:29.641,1.4896,1.48995,1.40,1.20
2009.02.19 11:00:30.041,1.48955,1.48995,15.80,1.20
2009.02.19 11:00:31.300,1.48955,1.48995,15.80,2.20
2009.02.19 11:00:32.240,1.48965,1.48995,2.00,2.20
2009.02.19 11:00:32.411,1.4897,1.48995,1.20,1.20
2009.02.19 11:00:32.580,1.4898,1.49,1.20,5.20
2009.02.19 11:00:32.900,1.4898,1.49,1.20,3.80
2009.02.19 11:00:34.090,1.4898,1.49,1.20,8.60
2009.02.19 11:00:34.320,1.4898,1.49,1.20,11.20
2009.02.19 11:00:34.490,1.48955,1.49,3.80,11.20
2009.02.19 11:00:34.830,1.4895,1.48995,10.20,5.60
2009.02.19 11:00:36.169,1.48965,1.49,2.00,5.20
2009.02.19 11:00:36.399,1.4897,1.49,1.40,5.20
2009.02.19 11:00:36.689,1.4897,1.49,1.20,5.20
2009.02.19 11:00:36.809,1.4897,1.49,1.20,6.40
2009.02.19 11:00:37.719,1.48985,1.49,2.00,6.40
2009.02.19 11:00:38.069,1.48985,1.49005,2.00,2.80
2009.02.19 11:00:38.239,1.48985,1.49005,2.00,4.80
2009.02.19 11:00:38.529,1.4898,1.48995,4.80,1.20
2009.02.19 11:00:38.758,1.4896,1.4898,1.00,1.00
2009.02.19 11:00:38.929,1.4897,1.4899,1.00,2.80
2009.02.19 11:00:39.328,1.4897,1.4901,1.00,7.00
2009.02.19 11:00:41.158,1.4897,1.49,1.00,5.20
2009.02.19 11:00:41.268,1.4897,1.49,1.00,11.20
2009.02.19 11:00:41.698,1.4897,1.48995,1.00,5.60
2009.02.19 11:00:42.268,1.4897,1.4898,1.00,1.40
2009.02.19 11:00:42.558,1.48965,1.4898,2.20,1.40
2009.02.19 11:00:43.417,1.4897,1.4898,2.20,1.40
2009.02.19 11:00:44.107,1.48955,1.4898,2.80,1.40
2009.02.19 11:00:44.697,1.4896,1.4898,1.00,6.00
2009.02.19 11:00:45.257,1.48945,1.48965,1.80,5.20
2009.02.19 11:00:45.697,1.4894,1.4896,1.00,4.80
2009.02.19 11:00:46.217,1.4894,1.4896,1.00,5.00
2009.02.19 11:00:46.687,1.4894,1.4895,1.00,1.20
2009.02.19 11:00:48.136,1.4893,1.4895,1.00,6.00
2009.02.19 11:00:48.426,1.4893,1.4895,1.00,6.00
2009.02.19 11:00:49.266,1.4894,1.4895,1.00,6.00
2009.02.19 11:00:49.646,1.4894,1.4895,1.00,1.20
2009.02.19 11:00:52.125,1.4894,1.4896,1.80,1.20
2009.02.19 11:00:52.425,1.4895,1.4896,1.00,6.00
2009.02.19 11:00:52.595,1.4895,1.4896,1.00,16.00
2009.02.19 11:00:52.935,1.4895,1.4896,1.00,8.00
2009.02.19 11:00:53.115,1.4894,1.48955,1.00,1.60
2009.02.19 11:00:53.345,1.4894,1.48955,1.00,1.20
2009.02.19 11:00:53.565,1.4894,1.4895,2.40,1.20
2009.02.19 11:00:58.734,1.4894,1.48955,2.40,1.60
2009.02.19 11:00:59.193,1.4894,1.48955,2.40,1.20
2009.02.19 11:00:59.354,1.4894,1.48955,2.40,1.60
2009.02.19 11:00:59.523,1.4894,1.48955,2.40,1.20
2009.02.19 11:01:01.063,1.48945,1.48955,4.40,1.60
2009.02.19 11:01:01.223,1.48945,1.4896,4.40,4.80
2009.02.19 11:01:01.443,1.48945,1.4896,4.40,1.00
2009.02.19 11:01:01.623,1.48945,1.48995,10.00,1.20
2009.02.19 11:01:01.803,1.48945,1.4899,10.00,6.00
2009.02.19 11:01:02.093,1.48945,1.4899,4.40,6.00
2009.02.19 11:01:03.003,1.4894,1.4897,6.40,4.80
2009.02.19 11:01:03.523,1.4894,1.4897,6.40,6.00
2009.02.19 11:01:03.862,1.4894,1.4897,6.20,6.00
2009.02.19 11:01:04.023,1.4894,1.4897,1.80,6.00
2009.02.19 11:01:04.422,1.4894,1.4897,1.80,7.40
2009.02.19 11:01:04.762,1.4894,1.48965,1.80,4.80
2009.02.19 11:01:04.932,1.4894,1.48965,1.80,9.60
2009.02.19 11:01:05.232,1.4894,1.4896,1.80,1.20
2009.02.19 11:01:07.972,1.4894,1.4896,1.80,6.00
2009.02.19 11:01:08.571,1.4894,1.4896,1.80,1.20
2009.02.19 11:01:08.861,1.4894,1.4896,1.80,1.60
2009.02.19 11:01:09.082,1.4893,1.4896,12.40,30.40
2009.02.19 11:01:09.371,1.4893,1.4895,12.40,1.20
2009.02.19 11:01:10.591,1.4894,1.48975,1.80,4.80
2009.02.19 11:01:11.681,1.4895,1.48975,1.80,6.00
2009.02.19 11:01:12.580,1.4895,1.48975,1.80,4.80
2009.02.19 11:01:13.880,1.4896,1.48975,1.80,4.80
2009.02.19 11:01:13.990,1.4896,1.4898,1.80,6.20
2009.02.19 11:01:14.100,1.4896,1.4898,1.80,6.00
2009.02.19 11:01:14.220,1.4896,1.4898,1.80,6.20
2009.02.19 11:01:14.910,1.4896,1.4898,1.80,7.60
2009.02.19 11:01:15.210,1.4895,1.4898,6.00,4.80
2009.02.19 11:01:15.680,1.48955,1.48995,1.80,10.80
2009.02.19 11:01:16.140,1.48955,1.48995,7.40,2.20
2009.02.19 11:01:16.829,1.48955,1.48995,7.40,1.20
2009.02.19 11:01:17.289,1.48955,1.49,7.40,11.20
2009.02.19 11:01:17.619,1.48955,1.49,9.60,7.40
2009.02.19 11:01:17.739,1.48955,1.48995,9.60,1.20
2009.02.19 11:01:18.129,1.48955,1.4899,5.60,6.00
2009.02.19 11:01:18.539,1.4895,1.4899,4.40,7.40
2009.02.19 11:01:18.829,1.4895,1.4899,6.40,7.40
2009.02.19 11:01:19.369,1.48955,1.4899,1.00,7.40
2009.02.19 11:01:19.779,1.4897,1.4899,1.60,6.00
2009.02.19 11:01:20.129,1.48965,1.48995,1.80,5.60
2009.02.19 11:01:20.399,1.48955,1.48995,4.00,6.80
2009.02.19 11:01:21.208,1.4897,1.48995,1.00,6.80
2009.02.19 11:01:21.388,1.4897,1.49,2.00,6.00
2009.02.19 11:01:29.196,1.4897,1.49,6.00,6.00
2009.02.19 11:01:29.496,1.4897,1.49,6.40,6.00
2009.02.19 11:01:29.776,1.48975,1.49,1.00,1.40
2009.02.19 11:01:30.126,1.48975,1.49,1.20,1.20
2009.02.19 11:01:30.466,1.4898,1.49,1.80,1.20
2009.02.19 11:01:35.545,1.48975,1.4899,5.60,1.00
2009.02.19 11:01:35.665,1.48965,1.48985,7.20,1.00
2009.02.19 11:01:35.785,1.48965,1.48985,2.40,1.00
2009.02.19 11:01:36.165,1.4896,1.48985,7.60,1.60
2009.02.19 11:01:36.505,1.4896,1.4898,7.60,1.20
2009.02.19 11:01:37.424,1.4896,1.4898,9.80,1.20
2009.02.19 11:01:37.884,1.4896,1.48985,7.60,1.60
2009.02.19 11:01:38.984,1.4897,1.4899,2.00,1.60
2009.02.19 11:01:39.274,1.4897,1.49,3.80,6.00
2009.02.19 11:01:39.664,1.4897,1.49,2.00,6.00
2009.02.19 11:01:40.064,1.4897,1.4899,1.80,1.60
2009.02.19 11:01:40.804,1.48965,1.4899,4.80,2.60
2009.02.19 11:01:41.493,1.48955,1.4898,4.60,1.00
2009.02.19 11:01:42.243,1.48955,1.4898,2.40,1.00
2009.02.19 11:01:42.663,1.48955,1.48985,1.00,13.20
2009.02.19 11:01:42.893,1.48945,1.4898,2.00,1.60
2009.02.19 11:01:43.233,1.48955,1.4898,1.20,1.60
2009.02.19 11:01:43.623,1.4896,1.4898,1.80,1.60
2009.02.19 11:01:50.011,1.4895,1.4897,4.00,6.60
2009.02.19 11:01:50.311,1.4895,1.48975,4.20,5.60
2009.02.19 11:01:50.481,1.4895,1.4898,2.40,1.00
2009.02.19 11:01:50.751,1.4895,1.4898,2.00,1.00
2009.02.19 11:01:51.711,1.48945,1.4898,4.00,1.20
2009.02.19 11:01:52.011,1.48945,1.4898,1.80,7.00
2009.02.19 11:01:52.361,1.4894,1.4898,6.00,7.00
2009.02.19 11:01:52.771,1.48945,1.4898,2.00,7.40
2009.02.19 11:01:52.991,1.48945,1.4898,2.00,6.00
2009.02.19 11:01:53.280,1.4894,1.4898,6.40,6.00
2009.02.19 11:01:53.510,1.48945,1.48975,2.00,1.20
2009.02.19 11:01:54.200,1.48945,1.48985,7.60,10.40
2009.02.19 11:01:54.440,1.48945,1.48985,10.00,2.60
2009.02.19 11:01:54.820,1.48945,1.48985,7.40,3.60
2009.02.19 11:01:55.230,1.4895,1.4898,2.00,1.60
2009.02.19 11:01:55.670,1.4895,1.4898,2.00,1.00
2009.02.19 11:01:56.630,1.48945,1.4897,7.40,4.80
2009.02.19 11:01:57.090,1.48945,1.48985,7.60,2.60
2009.02.19 11:01:57.999,1.48945,1.4897,5.60,1.00
2009.02.19 11:01:58.359,1.4895,1.4897,1.00,1.00
2009.02.19 11:01:58.809,1.4895,1.4898,1.00,7.40
2009.02.19 11:01:59.689,1.48945,1.4898,2.40,1.60
2009.02.19 11:02:00.019,1.48945,1.4898,8.00,1.40
2009.02.19 11:02:00.429,1.48945,1.48985,8.00,2.20
2009.02.19 11:02:00.839,1.48945,1.48985,7.80,2.20
2009.02.19 11:02:00.890,1.48945,1.4897,7.80,1.00
2009.02.19 11:02:01.289,1.4895,1.48975,1.00,16.20
2009.02.19 11:02:01.748,1.4895,1.4897,2.40,1.60
2009.02.19 11:02:02.208,1.4895,1.4897,1.80,1.20
2009.02.19 11:02:02.729,1.4895,1.4897,1.00,1.40
2009.02.19 11:02:03.078,1.4895,1.4897,1.00,1.60
2009.02.19 11:02:06.317,1.4895,1.4897,1.80,1.20
2009.02.19 11:02:07.007,1.4895,1.4897,1.00,1.60
2009.02.19 11:02:07.127,1.4895,1.4897,1.00,1.60
2009.02.19 11:02:07.517,1.4895,1.4897,1.00,1.00
2009.02.19 11:02:07.687,1.48945,1.4897,4.40,1.00
2009.02.19 11:02:08.157,1.48945,1.4897,10.00,1.00
2009.02.19 11:02:08.267,1.4895,1.4897,2.00,1.00
2009.02.19 11:02:10.136,1.48945,1.4897,8.20,1.00
2009.02.19 11:02:10.726,1.48945,1.4898,4.80,7.40
2009.02.19 11:02:11.076,1.48945,1.4897,2.60,1.00
2009.02.19 11:02:11.526,1.48945,1.4897,2.60,1.00
2009.02.19 11:02:12.086,1.48945,1.4897,2.60,1.00
2009.02.19 11:02:12.496,1.4895,1.4897,2.00,1.00
2009.02.19 11:02:13.496,1.4896,1.48975,1.00,1.00
2009.02.19 11:02:13.946,1.4896,1.4898,1.00,4.80
2009.02.19 11:02:14.185,1.4896,1.4898,1.00,7.40
2009.02.19 11:02:14.655,1.4896,1.4898,1.00,6.00
2009.02.19 11:02:15.875,1.4896,1.4898,1.00,1.40
2009.02.19 11:02:16.665,1.4897,1.4898,1.00,6.00
2009.02.19 11:02:17.245,1.4893,1.4898,6.00,7.60
2009.02.19 11:02:17.705,1.4893,1.4897,6.00,1.00
2009.02.19 11:02:19.115,1.4894,1.48965,3.60,4.80
2009.02.19 11:02:19.394,1.4894,1.4896,1.80,1.20
2009.02.19 11:02:19.804,1.4894,1.4896,3.60,1.20
2009.02.19 11:02:20.994,1.4894,1.4896,3.60,4.40
2009.02.19 11:02:21.274,1.4894,1.4895,1.00,4.80
2009.02.19 11:02:21.624,1.48935,1.4894,1.80,1.20
2009.02.19 11:02:21.784,1.4892,1.4894,1.80,1.60
2009.02.19 11:02:22.344,1.4892,1.4894,1.80,1.00
2009.02.19 11:02:22.554,1.4892,1.48945,1.80,4.80
2009.02.19 11:02:23.353,1.4892,1.4894,1.80,1.20
2009.02.19 11:02:24.453,1.4892,1.4894,1.80,2.60
2009.02.19 11:02:24.863,1.4892,1.4894,2.00,1.00
2009.02.19 11:02:26.723,1.48915,1.4894,12.60,4.80
2009.02.19 11:02:27.062,1.4892,1.4894,1.80,5.00
2009.02.19 11:02:27.242,1.4892,1.4893,1.80,1.00
2009.02.19 11:02:27.482,1.4892,1.4893,2.00,1.00
2009.02.19 11:02:27.932,1.4892,1.4894,2.00,1.00
2009.02.19 11:02:29.132,1.4892,1.4895,2.00,6.40
2009.02.19 11:02:29.412,1.4892,1.4894,2.00,1.00
2009.02.19 11:02:30.192,1.4892,1.4895,2.00,6.40
2009.02.19 11:02:35.370,1.4892,1.4895,8.20,1.00
2009.02.19 11:02:35.670,1.4892,1.4895,8.60,1.00
2009.02.19 11:02:36.120,1.4892,1.4896,8.60,6.00
2009.02.19 11:02:37.040,1.4892,1.4896,6.40,6.00
2009.02.19 11:02:37.380,1.4892,1.4896,6.40,6.40
2009.02.19 11:02:37.560,1.4892,1.4896,6.40,6.00
2009.02.19 11:02:40.069,1.4892,1.4896,4.20,7.00
2009.02.19 11:02:40.339,1.4892,1.48945,1.80,1.60
2009.02.19 11:02:46.498,1.4892,1.4894,1.80,32.00
2009.02.19 11:02:46.728,1.4892,1.4894,1.80,32.00
2009.02.19 11:02:47.078,1.4892,1.4894,1.80,1.60
2009.02.19 11:02:56.885,1.4892,1.4894,2.00,1.60
2009.02.19 11:02:57.185,1.4892,1.4894,1.80,1.20
2009.02.19 11:02:57.645,1.48925,1.4895,1.00,4.80
2009.02.19 11:02:57.885,1.48925,1.48945,10.40,1.00
2009.02.19 11:02:58.055,1.48925,1.4896,4.80,5.40
2009.02.19 11:02:58.405,1.48925,1.4896,4.80,2.60
2009.02.19 11:03:01.214,1.48925,1.4896,7.00,1.20
2009.02.19 11:03:01.784,1.48935,1.48965,4.80,4.00
2009.02.19 11:03:02.124,1.48935,1.4897,4.80,1.20
2009.02.19 11:03:05.153,1.48935,1.4898,6.60,5.20
2009.02.19 11:03:05.633,1.48935,1.4898,6.60,2.20
2009.02.19 11:03:06.673,1.48935,1.4898,8.80,2.20
2009.02.19 11:03:07.723,1.48935,1.4898,4.00,2.20
2009.02.19 11:03:08.522,1.48935,1.4898,1.80,2.20
2009.02.19 11:03:08.862,1.4893,1.4897,4.20,1.20
2009.02.19 11:03:09.432,1.4893,1.4897,4.00,1.20
2009.02.19 11:03:09.922,1.48935,1.48975,5.20,1.20
2009.02.19 11:03:10.442,1.4895,1.4898,2.40,1.20
2009.02.19 11:03:11.062,1.48955,1.4899,2.00,1.20
2009.02.19 11:03:11.691,1.4895,1.4899,5.20,1.20
2009.02.19 11:03:12.451,1.4896,1.4899,2.00,1.40
2009.02.19 11:03:12.901,1.4896,1.4899,4.40,1.40
2009.02.19 11:03:13.301,1.4897,1.4899,1.00,1.40
2009.02.19 11:03:14.072,1.4897,1.4899,2.40,1.40
2009.02.19 11:03:14.531,1.4897,1.4899,1.00,1.40
2009.02.19 11:03:14.871,1.48955,1.4899,2.20,1.40
2009.02.19 11:03:15.321,1.48955,1.48995,4.60,15.20
2009.02.19 11:03:15.941,1.48965,1.49005,2.20,4.40
2009.02.19 11:03:16.411,1.48965,1.49005,4.20,1.20
2009.02.19 11:03:16.970,1.48965,1.49005,4.00,1.20
2009.02.19 11:03:17.200,1.48965,1.4901,4.00,2.60
2009.02.19 11:03:18.410,1.48965,1.4901,4.20,2.60
2009.02.19 11:03:19.949,1.48965,1.49005,2.20,1.20
2009.02.19 11:03:23.029,1.48965,1.4901,4.20,2.60
2009.02.19 11:03:23.199,1.48965,1.49005,2.20,1.20
2009.02.19 11:03:23.689,1.48965,1.48995,2.20,4.80
2009.02.19 11:03:23.859,1.4897,1.4899,1.00,1.40
2009.02.19 11:03:24.988,1.48965,1.4899,1.00,6.40
2009.02.19 11:03:25.158,1.4896,1.4898,2.40,1.20
2009.02.19 11:03:26.028,1.4896,1.48985,2.40,10.80
2009.02.19 11:03:26.248,1.4897,1.48995,1.20,1.00
2009.02.19 11:03:26.538,1.48975,1.4901,1.00,2.60
2009.02.19 11:03:26.818,1.48975,1.4901,1.00,1.60
2009.02.19 11:03:29.717,1.4897,1.49005,3.80,4.80
2009.02.19 11:03:30.067,1.4897,1.49,4.20,1.40
2009.02.19 11:03:31.807,1.4898,1.49,1.00,1.20
2009.02.19 11:03:32.107,1.4898,1.49,1.00,1.20
2009.02.19 11:03:32.327,1.4898,1.49,2.00,1.20
2009.02.19 11:03:33.826,1.48995,1.4901,2.00,3.20
2009.02.19 11:03:34.156,1.48995,1.4902,2.20,8.00
2009.02.19 11:03:34.446,1.48995,1.4902,7.00,8.00
2009.02.19 11:03:35.716,1.4901,1.4902,1.00,6.60
2009.02.19 11:03:36.136,1.4901,1.4903,1.00,1.20
2009.02.19 11:03:36.246,1.4901,1.4903,1.00,1.20
2009.02.19 11:03:36.606,1.49015,1.4904,2.00,8.40
2009.02.19 11:03:36.946,1.4904,1.49055,2.00,1.20
2009.02.19 11:03:37.226,1.4904,1.49065,2.00,6.00
2009.02.19 11:03:37.516,1.4904,1.49065,1.20,4.60
2009.02.19 11:03:37.915,1.49035,1.4906,1.60,4.80
2009.02.19 11:03:38.095,1.49055,1.4906,1.20,4.80
2009.02.19 11:03:38.655,1.49055,1.49065,1.20,1.00
2009.02.19 11:03:38.935,1.49065,1.4907,1.00,4.20
2009.02.19 11:03:39.215,1.49055,1.4907,6.00,1.40
2009.02.19 11:03:39.445,1.49055,1.4907,6.00,1.20
2009.02.19 11:03:39.675,1.49055,1.49075,6.00,6.00
2009.02.19 11:03:40.185,1.49055,1.49075,6.00,7.20
2009.02.19 11:03:40.694,1.49055,1.49075,6.00,6.00
2009.02.19 11:03:41.375,1.49055,1.4908,1.20,2.80
2009.02.19 11:03:41.785,1.49055,1.49075,1.40,3.00
2009.02.19 11:03:42.304,1.49055,1.4908,4.80,2.80
2009.02.19 11:03:42.828,1.49055,1.4908,5.20,4.80
2009.02.19 11:03:43.224,1.4906,1.4908,1.20,1.00
2009.02.19 11:03:43.554,1.4906,1.4909,1.20,4.80
2009.02.19 11:03:44.593,1.4906,1.4909,2.40,4.80
2009.02.19 11:03:45.044,1.49065,1.491,1.00,7.40
2009.02.19 11:03:46.123,1.49065,1.4909,1.00,1.00
2009.02.19 11:03:46.623,1.49065,1.49095,1.00,6.20
2009.02.19 11:03:46.923,1.4906,1.4909,1.20,6.00
2009.02.19 11:03:49.103,1.4906,1.4909,5.40,6.00
2009.02.19 11:03:49.163,1.4907,1.4909,1.00,1.20
2009.02.19 11:03:52.372,1.49085,1.491,1.00,1.60
2009.02.19 11:03:52.772,1.49085,1.49105,1.60,4.80
2009.02.19 11:03:52.992,1.4909,1.4912,1.80,2.80
2009.02.19 11:03:53.222,1.4909,1.49125,1.80,4.80
2009.02.19 11:03:54.241,1.491,1.4913,2.00,2.60
2009.02.19 11:03:54.641,1.49105,1.4913,2.40,1.00
2009.02.19 11:03:54.751,1.49105,1.49145,2.40,1.20
2009.02.19 11:03:55.271,1.49105,1.49135,2.40,1.00
2009.02.19 11:03:55.671,1.49105,1.49135,4.40,1.00
2009.02.19 11:03:56.191,1.4912,1.49135,1.00,1.00
2009.02.19 11:03:56.721,1.4912,1.4913,1.00,1.20
2009.02.19 11:03:58.950,1.49115,1.4913,5.00,1.20
2009.02.19 11:03:59.180,1.4911,1.4914,2.00,14.40
2009.02.19 11:03:59.880,1.49125,1.4914,1.00,13.00
2009.02.19 11:04:00.280,1.4912,1.49135,2.40,1.00
2009.02.19 11:04:00.900,1.4912,1.49135,2.60,1.00
2009.02.19 11:04:01.650,1.4913,1.49135,1.80,1.00
2009.02.19 11:04:02.000,1.4913,1.4915,1.80,1.20
2009.02.19 11:04:03.149,1.4913,1.49135,1.80,1.00
2009.02.19 11:04:07.318,1.49125,1.49135,3.20,1.00
2009.02.19 11:04:07.598,1.49125,1.49135,1.00,1.00
2009.02.19 11:04:08.278,1.49115,1.49135,1.80,1.00
2009.02.19 11:04:08.718,1.491,1.4913,4.20,4.80
2009.02.19 11:04:09.228,1.491,1.4913,2.00,6.00
2009.02.19 11:04:10.877,1.491,1.49135,3.80,7.80
2009.02.19 11:04:11.457,1.491,1.4914,6.40,13.20
2009.02.19 11:04:12.587,1.491,1.4914,6.00,14.60
2009.02.19 11:04:13.576,1.491,1.4913,3.80,6.00
2009.02.19 11:04:13.957,1.491,1.4913,2.00,6.00
2009.02.19 11:04:17.966,1.491,1.4913,1.20,6.00
2009.02.19 11:04:18.426,1.491,1.49125,2.40,2.80
2009.02.19 11:04:18.836,1.491,1.4913,2.40,6.00
2009.02.19 11:04:19.395,1.49095,1.49115,4.40,4.80
2009.02.19 11:04:19.915,1.49085,1.49105,4.80,4.80
2009.02.19 11:04:20.375,1.4908,1.491,3.60,1.20
2009.02.19 11:04:20.955,1.4908,1.491,5.80,1.20
2009.02.19 11:04:21.255,1.49085,1.49105,1.80,1.60
2009.02.19 11:04:22.405,1.4908,1.491,5.80,1.20
2009.02.19 11:04:22.635,1.49085,1.49105,1.80,1.60
2009.02.19 11:04:23.295,1.49085,1.49105,1.80,1.20
2009.02.19 11:04:23.654,1.4908,1.4911,7.60,6.00
2009.02.19 11:04:24.114,1.4908,1.4911,2.20,1.40
2009.02.19 11:04:24.504,1.49075,1.491,6.80,1.20
2009.02.19 11:04:26.683,1.49075,1.491,6.80,1.40
2009.02.19 11:04:27.273,1.49075,1.4909,4.80,1.20
2009.02.19 11:04:27.723,1.49065,1.4909,1.80,1.40
2009.02.19 11:04:28.653,1.4907,1.4909,5.60,1.40
2009.02.19 11:04:29.973,1.4907,1.4909,5.60,1.20
2009.02.19 11:04:30.143,1.49075,1.491,2.00,1.20
2009.02.19 11:04:32.542,1.49075,1.49105,2.00,9.60
2009.02.19 11:04:35.092,1.49075,1.491,2.00,1.20
2009.02.19 11:04:35.451,1.49075,1.491,1.80,6.00
2009.02.19 11:04:35.961,1.4907,1.491,2.60,6.00
2009.02.19 11:04:36.191,1.4907,1.491,1.20,6.00
2009.02.19 11:04:37.211,1.4907,1.491,1.20,4.80
2009.02.19 11:04:37.511,1.4907,1.491,1.20,6.00
2009.02.19 11:04:37.891,1.49075,1.491,2.00,1.60
2009.02.19 11:04:40.060,1.4909,1.491,1.00,1.60
2009.02.19 11:04:40.340,1.49075,1.491,6.80,1.60
2009.02.19 11:04:40.790,1.49075,1.491,6.00,1.60
2009.02.19 11:04:41.470,1.49075,1.491,4.20,1.60
2009.02.19 11:04:42.090,1.49075,1.491,3.80,1.60
2009.02.19 11:04:42.370,1.4908,1.491,2.00,1.00
2009.02.19 11:04:42.600,1.4908,1.491,1.80,1.00
2009.02.19 11:04:43.309,1.49075,1.491,4.00,1.00
2009.02.19 11:04:44.339,1.4908,1.491,1.00,1.00
2009.02.19 11:04:44.729,1.4909,1.491,2.40,1.00
2009.02.19 11:04:45.589,1.4908,1.491,2.60,1.00
2009.02.19 11:04:45.979,1.49085,1.491,2.20,1.60
2009.02.19 11:04:48.528,1.4907,1.491,2.40,6.00
2009.02.19 11:04:54.567,1.49085,1.491,2.20,1.60
2009.02.19 11:04:56.086,1.49085,1.4909,2.20,1.00
2009.02.19 11:04:56.307,1.4907,1.4909,2.40,1.00
2009.02.19 11:04:56.596,1.49065,1.49095,11.20,8.00
2009.02.19 11:04:56.956,1.49075,1.4909,5.60,1.60
2009.02.19 11:04:57.236,1.49065,1.4909,11.20,1.60
2009.02.19 11:05:00.645,1.4907,1.4909,2.40,1.60
2009.02.19 11:05:01.045,1.4907,1.491,4.20,1.00
2009.02.19 11:05:01.455,1.4907,1.491,6.40,4.80
2009.02.19 11:05:01.755,1.4907,1.491,4.60,6.00
2009.02.19 11:05:02.655,1.49075,1.491,2.40,1.60
2009.02.19 11:05:03.065,1.49085,1.491,2.20,1.60
2009.02.19 11:05:04.664,1.49075,1.491,2.40,1.60
2009.02.19 11:05:04.784,1.49075,1.491,2.40,1.60
2009.02.19 11:05:06.564,1.49075,1.491,1.00,1.60
2009.02.19 11:05:07.174,1.4907,1.491,2.40,6.00
2009.02.19 11:05:07.444,1.49075,1.491,1.20,1.60
2009.02.19 11:05:08.074,1.49075,1.491,2.40,1.60
2009.02.19 11:05:08.303,1.4908,1.491,2.20,6.00
2009.02.19 11:05:08.764,1.4908,1.49085,2.20,1.00
2009.02.19 11:05:09.103,1.4907,1.49095,2.40,1.00
2009.02.19 11:05:11.203,1.49075,1.49095,2.20,8.00
2009.02.19 11:05:11.372,1.49065,1.4909,9.00,1.60
2009.02.19 11:05:11.883,1.49065,1.4909,10.80,1.60
2009.02.19 11:05:12.112,1.49075,1.4909,5.60,1.00
2009.02.19 11:05:12.572,1.4907,1.49105,1.20,15.80
2009.02.19 11:05:12.792,1.49075,1.49105,5.60,15.80
2009.02.19 11:05:14.862,1.49075,1.491,5.60,5.80
2009.02.19 11:05:16.651,1.49075,1.49085,5.60,1.20
2009.02.19 11:05:17.062,1.49075,1.49095,5.60,4.80
2009.02.19 11:05:17.231,1.49065,1.49095,13.00,9.80
2009.02.19 11:05:17.401,1.49065,1.4908,7.40,1.00
2009.02.19 11:05:17.691,1.49065,1.49095,7.40,9.80
2009.02.19 11:05:17.861,1.49065,1.49095,7.40,8.80
2009.02.19 11:05:18.141,1.49065,1.49095,13.00,8.80
2009.02.19 11:05:18.591,1.49065,1.49095,7.40,8.80
2009.02.19 11:05:18.711,1.49065,1.4909,7.60,1.00
2009.02.19 11:05:19.061,1.49065,1.49095,7.40,8.80
2009.02.19 11:05:19.301,1.49065,1.49095,13.00,9.80
2009.02.19 11:05:19.641,1.49065,1.49095,7.40,9.80
2009.02.19 11:05:20.331,1.49065,1.4908,7.40,1.00
2009.02.19 11:05:22.130,1.4906,1.49085,4.00,13.60
2009.02.19 11:05:22.520,1.49055,1.49085,5.60,13.60
2009.02.19 11:05:22.750,1.4905,1.49085,1.20,13.60
2009.02.19 11:05:23.310,1.4905,1.4908,1.20,4.80
2009.02.19 11:05:23.430,1.4905,1.4907,1.20,1.00
2009.02.19 11:05:23.780,1.4906,1.4907,2.20,1.00
2009.02.19 11:05:24.649,1.49055,1.49085,7.40,13.60
2009.02.19 11:05:25.110,1.49055,1.4908,5.60,4.80
2009.02.19 11:05:29.908,1.49055,1.4908,5.60,1.00
2009.02.19 11:05:31.278,1.4905,1.4907,2.00,1.00
2009.02.19 11:05:32.598,1.4905,1.4907,1.20,1.00
2009.02.19 11:05:35.587,1.49045,1.4907,12.80,1.00
2009.02.19 11:05:35.997,1.4904,1.49055,2.00,4.80
2009.02.19 11:05:36.357,1.49015,1.49045,7.40,1.60
2009.02.19 11:05:36.707,1.49015,1.49045,9.20,1.60
2009.02.19 11:05:37.346,1.49015,1.4904,1.20,6.40
2009.02.19 11:05:37.716,1.4902,1.4904,1.20,1.60
2009.02.19 11:05:38.056,1.49035,1.4904,2.20,1.60
2009.02.19 11:05:38.278,1.4904,1.49045,1.00,1.70
2009.02.19 11:05:38.556,1.49035,1.4904,1.20,2.80
2009.02.19 11:05:39.046,1.49035,1.4904,2.20,1.20
2009.02.19 11:05:39.456,1.4904,1.49065,1.00,1.00
2009.02.19 11:05:39.906,1.4904,1.49065,1.20,1.00
2009.02.19 11:05:41.725,1.49045,1.4906,2.20,1.00
2009.02.19 11:05:41.885,1.49045,1.4906,3.00,1.00
2009.02.19 11:05:42.175,1.4904,1.4906,8.00,1.00
2009.02.19 11:05:42.295,1.49045,1.4906,1.00,1.00
2009.02.19 11:05:42.465,1.4904,1.4906,1.20,1.00
2009.02.19 11:05:43.615,1.4904,1.4906,1.20,1.40
2009.02.19 11:05:43.785,1.49045,1.4906,1.20,1.40
2009.02.19 11:05:44.185,1.49045,1.4906,3.00,1.40
2009.02.19 11:05:45.294,1.49045,1.4906,3.00,1.00
2009.02.19 11:05:46.794,1.4904,1.4906,2.40,6.60
2009.02.19 11:05:47.084,1.4904,1.4906,1.20,2.00
2009.02.19 11:05:47.384,1.4904,1.4906,1.20,1.00
2009.02.19 11:05:47.774,1.4904,1.4906,1.00,1.40
2009.02.19 11:05:47.944,1.49045,1.49055,1.20,1.20
2009.02.19 11:05:48.064,1.49045,1.4906,1.20,4.00
2009.02.19 11:05:48.234,1.49045,1.4906,2.00,4.00
2009.02.19 11:05:48.354,1.49045,1.4906,2.00,6.20
2009.02.19 11:05:48.644,1.49045,1.49065,2.00,5.20
2009.02.19 11:05:48.874,1.49045,1.4906,3.00,1.00
2009.02.19 11:05:49.353,1.49045,1.4906,1.00,4.80
2009.02.19 11:05:49.583,1.4904,1.4906,1.20,1.00
2009.02.19 11:05:50.533,1.49045,1.4906,1.00,1.00
2009.02.19 11:05:50.963,1.49045,1.4906,2.00,1.00
2009.02.19 11:05:51.993,1.49045,1.4907,2.00,1.60
2009.02.19 11:06:00.891,1.4905,1.4907,1.00,1.60
2009.02.19 11:06:01.191,1.4905,1.4907,1.20,1.00
2009.02.19 11:06:06.600,1.4905,1.49085,2.40,8.80
2009.02.19 11:06:07.469,1.4905,1.4908,2.40,1.00
2009.02.19 11:06:07.699,1.4905,1.4908,2.40,4.80
2009.02.19 11:06:09.698,1.4905,1.4907,2.40,1.00
2009.02.19 11:06:10.839,1.4905,1.4907,1.00,1.00
2009.02.19 11:06:11.358,1.4904,1.4907,2.40,1.00
2009.02.19 11:06:11.718,1.4904,1.4907,4.20,1.00
2009.02.19 11:06:12.238,1.4904,1.4906,4.00,29.00
2009.02.19 11:06:12.458,1.4904,1.4905,1.80,1.20
2009.02.19 11:06:12.748,1.49035,1.49075,9.80,7.60
2009.02.19 11:06:13.038,1.4904,1.4908,2.40,8.80
2009.02.19 11:06:13.318,1.4904,1.4908,2.40,2.40
2009.02.19 11:06:13.678,1.4904,1.49075,2.00,1.00
2009.02.19 11:06:14.308,1.4905,1.4907,1.20,1.00
2009.02.19 11:06:14.598,1.4905,1.49075,1.20,1.20
2009.02.19 11:06:14.877,1.4905,1.4908,1.20,4.80
2009.02.19 11:06:15.287,1.4905,1.4908,1.20,6.00
2009.02.19 11:06:17.477,1.4905,1.4908,2.40,6.00
2009.02.19 11:06:17.947,1.4905,1.4907,2.40,1.00
2009.02.19 11:06:20.846,1.4905,1.4907,1.20,1.00
2009.02.19 11:06:21.686,1.4905,1.4907,1.20,1.00
2009.02.19 11:06:30.684,1.4906,1.4907,1.00,1.00
2009.02.19 11:06:30.854,1.49065,1.4907,1.60,1.00
2009.02.19 11:06:31.134,1.4908,1.49085,1.00,3.50
2009.02.19 11:06:31.533,1.49055,1.4908,2.20,1.00
2009.02.19 11:06:32.063,1.49055,1.4908,1.80,1.00
2009.02.19 11:06:32.354,1.49045,1.4908,1.20,6.00
2009.02.19 11:06:33.033,1.4905,1.49085,1.20,13.20
2009.02.19 11:06:33.673,1.4905,1.4907,1.20,1.00
2009.02.19 11:06:34.173,1.49045,1.4907,13.40,1.00
2009.02.19 11:06:34.562,1.49045,1.49075,13.20,6.40
2009.02.19 11:06:34.842,1.49045,1.4907,13.40,1.00
2009.02.19 11:06:35.272,1.4905,1.4907,1.20,1.00
2009.02.19 11:06:35.942,1.49045,1.4907,13.40,1.00
2009.02.19 11:06:36.692,1.4905,1.4907,1.20,1.00
2009.02.19 11:06:37.142,1.4905,1.49075,1.20,1.40
2009.02.19 11:06:37.442,1.4905,1.4908,2.40,1.00
2009.02.19 11:06:38.262,1.49065,1.4908,1.00,1.00
2009.02.19 11:06:38.792,1.4906,1.4908,2.00,1.00
2009.02.19 11:06:39.142,1.4906,1.4909,1.20,6.00
2009.02.19 11:06:40.381,1.49065,1.4909,1.00,6.00
2009.02.19 11:06:41.301,1.49065,1.4909,1.00,6.00
2009.02.19 11:06:42.111,1.4907,1.4909,1.00,1.60
2009.02.19 11:06:42.511,1.4907,1.4909,5.40,1.20
2009.02.19 11:06:42.800,1.49075,1.491,1.80,16.00
2009.02.19 11:06:43.430,1.4907,1.4909,8.40,1.20
2009.02.19 11:06:43.600,1.49085,1.4909,1.00,1.20
2009.02.19 11:06:44.630,1.49085,1.491,1.00,1.60
2009.02.19 11:06:45.150,1.4909,1.491,1.00,1.60
2009.02.19 11:06:46.060,1.49085,1.491,1.00,1.60
2009.02.19 11:06:46.420,1.49075,1.491,2.00,1.60
2009.02.19 11:06:47.390,1.4909,1.491,1.00,1.00
2009.02.19 11:06:47.789,1.49095,1.491,3.00,1.00
2009.02.19 11:06:48.130,1.491,1.49105,1.80,1.00
2009.02.19 11:06:52.468,1.491,1.49125,1.80,1.20
2009.02.19 11:06:55.188,1.491,1.4912,2.20,6.00
2009.02.19 11:06:55.527,1.4909,1.4912,2.40,6.00
2009.02.19 11:06:56.707,1.491,1.4912,1.80,1.20
2009.02.19 11:06:58.857,1.49095,1.4912,4.80,2.80
2009.02.19 11:06:59.097,1.491,1.4912,2.80,4.80
2009.02.19 11:06:59.207,1.491,1.4912,2.60,1.20
2009.02.19 11:06:59.796,1.491,1.49125,1.80,10.40
2009.02.19 11:07:00.316,1.491,1.4913,6.40,1.00
2009.02.19 11:07:02.526,1.4911,1.4913,2.00,1.00
2009.02.19 11:07:05.435,1.4911,1.4913,4.20,1.00
2009.02.19 11:07:06.065,1.4912,1.49145,2.00,5.00
2009.02.19 11:07:06.425,1.4913,1.49155,1.80,10.40
2009.02.19 11:07:06.995,1.49155,1.4918,2.40,2.80
2009.02.19 11:07:07.345,1.49135,1.4919,1.80,1.20
2009.02.19 11:07:07.685,1.49135,1.49195,1.80,7.00
2009.02.19 11:07:08.045,1.4915,1.4917,1.80,1.00
2009.02.19 11:07:08.384,1.4915,1.49175,2.00,3.20
2009.02.19 11:07:08.784,1.49145,1.4918,12.60,1.00
2009.02.19 11:07:09.184,1.49145,1.4917,1.80,1.00
2009.02.19 11:07:10.794,1.4914,1.4917,6.40,1.00
2009.02.19 11:07:11.304,1.49145,1.4917,1.80,1.00
2009.02.19 11:07:12.524,1.4914,1.4917,2.20,1.00
2009.02.19 11:07:13.043,1.4914,1.4917,1.80,1.00
2009.02.19 11:07:13.613,1.4914,1.4917,4.20,1.00
2009.02.19 11:07:15.623,1.4914,1.4917,4.00,1.00
2009.02.19 11:07:15.912,1.4914,1.49175,2.00,5.40
2009.02.19 11:07:16.202,1.49145,1.49175,1.00,5.40
2009.02.19 11:07:16.652,1.4914,1.4917,2.00,1.00
2009.02.19 11:07:17.652,1.4914,1.49185,4.00,6.00
2009.02.19 11:07:18.052,1.4914,1.49185,4.00,1.20
2009.02.19 11:07:18.702,1.4914,1.4918,4.00,2.80
2009.02.19 11:07:19.492,1.49145,1.4918,2.00,4.00
2009.02.19 11:07:19.722,1.4914,1.49175,2.00,1.20
2009.02.19 11:07:20.072,1.4914,1.4918,2.00,1.20
2009.02.19 11:07:22.151,1.4914,1.4919,2.00,5.20
2009.02.19 11:07:22.331,1.4914,1.4919,2.00,2.20
2009.02.19 11:07:25.680,1.49145,1.4919,2.00,1.20
2009.02.19 11:07:27.560,1.49145,1.49185,2.00,1.20
2009.02.19 11:07:28.560,1.49145,1.4919,2.00,1.20
2009.02.19 11:07:29.760,1.4916,1.4919,2.40,1.20
2009.02.19 11:07:29.979,1.4916,1.49195,4.20,2.80
2009.02.19 11:07:30.339,1.49165,1.49195,2.00,4.80
2009.02.19 11:07:30.789,1.49175,1.4922,2.00,2.80
2009.02.19 11:07:30.909,1.49175,1.49195,2.00,1.00
2009.02.19 11:07:31.599,1.4916,1.49195,3.60,4.80
2009.02.19 11:07:32.188,1.4916,1.49185,1.80,4.80
2009.02.19 11:07:32.888,1.4916,1.49175,1.80,5.60
2009.02.19 11:07:33.419,1.4912,1.4918,4.20,5.80
2009.02.19 11:07:33.658,1.4912,1.4918,6.60,5.80
2009.02.19 11:07:33.948,1.49145,1.49185,2.00,4.80
2009.02.19 11:07:34.188,1.49155,1.4922,2.00,1.40
2009.02.19 11:07:34.458,1.49165,1.4922,5.60,1.20
2009.02.19 11:07:34.928,1.49175,1.4923,7.60,1.20
2009.02.19 11:07:35.458,1.4918,1.49225,1.80,1.20
2009.02.19 11:07:36.728,1.4918,1.49215,1.80,1.20
2009.02.19 11:07:37.627,1.4918,1.4921,1.80,1.20
2009.02.19 11:07:39.307,1.4918,1.49215,1.80,1.20
2009.02.19 11:07:40.317,1.4918,1.49205,1.80,1.20
2009.02.19 11:07:40.717,1.49155,1.49195,2.00,4.80
2009.02.19 11:07:40.937,1.49145,1.49195,2.00,7.00
2009.02.19 11:07:41.276,1.49135,1.49185,4.20,5.80
2009.02.19 11:07:41.556,1.4914,1.49185,2.00,1.40
2009.02.19 11:07:41.996,1.4914,1.4919,2.40,2.20
2009.02.19 11:07:42.296,1.4914,1.4919,2.00,2.20
2009.02.19 11:07:42.656,1.4914,1.49185,2.00,1.20
2009.02.19 11:07:43.246,1.4914,1.49185,2.00,2.20
2009.02.19 11:07:44.356,1.49145,1.49185,1.00,2.20
2009.02.19 11:07:44.636,1.4915,1.49185,2.00,5.80
2009.02.19 11:07:45.036,1.4915,1.49185,2.00,4.80
2009.02.19 11:07:45.435,1.4915,1.4919,2.00,3.80
2009.02.19 11:07:45.955,1.4915,1.4919,2.00,1.20
2009.02.19 11:07:46.645,1.4915,1.49185,2.00,10.60
2009.02.19 11:07:47.085,1.4915,1.4918,2.00,1.40
2009.02.19 11:07:47.425,1.4915,1.4918,2.00,6.00
2009.02.19 11:08:03.981,1.4915,1.4918,1.80,6.00
2009.02.19 11:08:04.161,1.49135,1.49175,2.00,5.60
2009.02.19 11:08:05.471,1.4913,1.49175,6.40,10.40
2009.02.19 11:08:06.111,1.4913,1.49175,4.20,10.40
2009.02.19 11:08:06.410,1.49135,1.49175,2.00,10.40
2009.02.19 11:08:06.900,1.4913,1.49175,4.20,10.40
2009.02.19 11:08:09.270,1.4913,1.49175,4.20,5.60
2009.02.19 11:08:11.029,1.4913,1.49175,4.40,5.60
2009.02.19 11:08:11.469,1.4913,1.4916,2.20,1.40
2009.02.19 11:08:11.809,1.4913,1.4916,2.20,6.00
2009.02.19 11:08:11.979,1.4913,1.4916,2.00,6.00
2009.02.19 11:08:14.488,1.4913,1.4916,2.00,6.40
2009.02.19 11:08:14.768,1.4913,1.4915,1.80,1.20
2009.02.19 11:08:17.827,1.4913,1.4915,1.80,6.00
2009.02.19 11:08:18.108,1.4913,1.4915,1.80,1.40
2009.02.19 11:08:18.797,1.4913,1.4915,1.80,1.20
2009.02.19 11:08:19.537,1.4913,1.4914,1.80,1.00
2009.02.19 11:08:20.977,1.4913,1.4915,1.80,1.60
2009.02.19 11:08:23.916,1.4913,1.4915,1.80,6.00
2009.02.19 11:08:24.536,1.4913,1.4915,1.80,1.60
2009.02.19 11:08:28.185,1.4913,1.4914,1.80,1.00
2009.02.19 11:08:28.635,1.4913,1.4914,2.00,1.00
2009.02.19 11:08:29.085,1.4913,1.4915,2.00,1.00
2009.02.19 11:08:29.665,1.4913,1.4914,1.80,4.80
2009.02.19 11:08:30.475,1.49115,1.4913,3.20,1.20
2009.02.19 11:08:31.005,1.4911,1.4913,2.00,1.20
2009.02.19 11:08:31.454,1.4911,1.4913,1.80,1.20
2009.02.19 11:08:31.684,1.4911,1.4914,2.00,5.00
2009.02.19 11:08:31.914,1.4911,1.4915,2.00,5.80
2009.02.19 11:08:32.144,1.4911,1.4915,4.20,4.80
2009.02.19 11:08:33.414,1.49115,1.4916,2.00,7.00
2009.02.19 11:08:33.814,1.4911,1.4916,4.40,7.00
2009.02.19 11:08:34.223,1.4911,1.4916,4.20,10.00
2009.02.19 11:08:34.564,1.4911,1.49145,2.00,4.80
2009.02.19 11:08:34.854,1.4911,1.49145,2.00,6.00
2009.02.19 11:08:35.913,1.4911,1.4914,4.20,6.00
2009.02.19 11:08:38.453,1.4911,1.4914,2.40,6.00
2009.02.19 11:08:39.812,1.49115,1.4914,2.20,1.40
2009.02.19 11:08:40.193,1.491,1.49125,2.20,1.00
2009.02.19 11:08:40.492,1.491,1.4913,4.20,3.40
2009.02.19 11:08:40.782,1.49095,1.49135,5.60,4.80
2009.02.19 11:08:41.062,1.49095,1.4913,4.80,1.40
2009.02.19 11:08:41.352,1.4908,1.4912,2.20,6.00
2009.02.19 11:08:42.092,1.49095,1.4912,4.80,1.20
2009.02.19 11:08:42.362,1.491,1.4912,1.80,2.60
2009.02.19 11:08:42.591,1.491,1.49105,1.80,1.00
2009.02.19 11:08:42.912,1.49085,1.49105,7.00,1.00
2009.02.19 11:08:43.331,1.4909,1.49115,2.20,1.00
2009.02.19 11:08:43.501,1.4908,1.4912,2.60,6.00
2009.02.19 11:08:44.091,1.4908,1.4911,2.60,1.00
2009.02.19 11:08:45.221,1.49095,1.4911,1.00,1.00
2009.02.19 11:08:45.621,1.49095,1.4911,1.20,1.00
2009.02.19 11:08:46.001,1.49095,1.4912,1.00,1.60
2009.02.19 11:08:46.241,1.4908,1.4911,2.60,1.00
2009.02.19 11:08:47.281,1.4908,1.49105,2.60,1.00
2009.02.19 11:08:47.510,1.49075,1.491,6.80,1.20
2009.02.19 11:08:54.749,1.49085,1.491,2.20,1.20
2009.02.19 11:08:55.089,1.49075,1.491,9.00,1.20
2009.02.19 11:08:55.539,1.49075,1.491,6.80,1.20
2009.02.19 11:08:56.868,1.49085,1.491,1.00,1.20
2009.02.19 11:08:57.208,1.4909,1.49105,1.00,1.00
2009.02.19 11:08:57.438,1.4908,1.4911,2.60,1.00
2009.02.19 11:09:00.017,1.49095,1.4911,1.20,1.00
2009.02.19 11:09:00.287,1.4909,1.49115,3.20,1.00
2009.02.19 11:09:00.937,1.491,1.4912,1.80,6.00
2009.02.19 11:09:01.247,1.49085,1.4911,2.80,4.80
2009.02.19 11:09:02.207,1.4908,1.4911,1.20,4.80
2009.02.19 11:09:03.147,1.4908,1.4911,2.20,1.00
2009.02.19 11:09:03.667,1.4908,1.4912,2.60,4.80
2009.02.19 11:09:04.076,1.49085,1.4912,2.20,4.80
2009.02.19 11:09:04.256,1.49085,1.4912,5.00,4.80
2009.02.19 11:09:04.526,1.4909,1.4912,2.00,1.00
2009.02.19 11:09:04.856,1.4909,1.4912,2.40,1.00
2009.02.19 11:09:05.666,1.49095,1.4912,2.00,1.00
2009.02.19 11:09:11.845,1.49095,1.4912,4.00,1.00
2009.02.19 11:09:12.254,1.491,1.4912,2.20,1.00
2009.02.19 11:09:12.534,1.491,1.4912,4.20,1.00
2009.02.19 11:09:12.714,1.491,1.4913,4.20,1.00
2009.02.19 11:09:16.784,1.491,1.4913,6.40,1.00
2009.02.19 11:09:19.263,1.491,1.4913,2.20,1.00
2009.02.19 11:09:19.493,1.491,1.4913,2.20,1.00
2009.02.19 11:09:19.662,1.49095,1.4913,4.00,1.00
2009.02.19 11:09:19.782,1.49095,1.4913,2.00,1.00
2009.02.19 11:09:26.701,1.4911,1.4913,1.00,1.00
2009.02.19 11:09:27.251,1.4911,1.4913,1.60,1.00
2009.02.19 11:09:32.579,1.4911,1.4913,1.00,1.40
2009.02.19 11:09:32.870,1.49075,1.49125,4.20,2.80
2009.02.19 11:09:33.109,1.49075,1.4912,2.00,1.00
2009.02.19 11:09:36.448,1.49085,1.4912,4.40,1.00
2009.02.19 11:09:38.928,1.49085,1.4912,2.00,1.00
2009.02.19 11:09:40.598,1.49085,1.49125,4.00,4.60
2009.02.19 11:09:42.177,1.49085,1.49125,2.00,4.60
2009.02.19 11:09:42.847,1.49085,1.49125,4.00,4.60
2009.02.19 11:09:46.846,1.49085,1.4912,4.00,1.00
2009.02.19 11:09:47.306,1.49085,1.49125,4.00,4.60
2009.02.19 11:09:48.176,1.49085,1.49125,6.60,4.60
2009.02.19 11:09:48.806,1.491,1.4912,2.00,1.00
2009.02.19 11:09:53.485,1.491,1.4912,3.80,1.00
2009.02.19 11:09:53.764,1.491,1.4912,3.80,1.00
2009.02.19 11:09:54.114,1.49105,1.4912,2.80,1.00
2009.02.19 11:09:54.564,1.49105,1.4912,4.60,1.00
2009.02.19 11:09:58.643,1.49105,1.49125,4.60,1.00
2009.02.19 11:09:58.763,1.49105,1.4913,4.60,1.00
2009.02.19 11:10:02.702,1.49105,1.4913,2.80,1.00
2009.02.19 11:10:03.052,1.491,1.4913,1.80,1.00
2009.02.19 11:10:03.572,1.4909,1.49125,4.40,1.00
2009.02.19 11:10:03.692,1.4909,1.4912,4.20,1.00
2009.02.19 11:10:04.152,1.49095,1.4912,7.00,1.00
2009.02.19 11:10:04.622,1.491,1.4912,2.00,1.00
2009.02.19 11:10:06.171,1.49105,1.4912,1.00,1.00
2009.02.19 11:10:06.351,1.49105,1.4912,5.60,1.00
2009.02.19 11:10:06.522,1.4911,1.4912,1.80,1.00
2009.02.19 11:10:10.160,1.4911,1.49125,1.80,1.00
2009.02.19 11:10:10.281,1.4911,1.49135,1.80,5.20
2009.02.19 11:10:10.390,1.4911,1.4912,1.80,1.00
2009.02.19 11:10:13.050,1.4911,1.4913,1.80,1.40
2009.02.19 11:10:13.440,1.4911,1.4913,1.80,1.20
2009.02.19 11:10:13.779,1.4911,1.4913,1.80,1.40
2009.02.19 11:10:14.179,1.4911,1.4913,1.80,1.20
2009.02.19 11:10:14.619,1.4911,1.4913,1.80,1.40
2009.02.19 11:10:15.729,1.4911,1.4913,1.80,1.20
2009.02.19 11:10:16.069,1.491,1.4912,2.60,1.00
2009.02.19 11:10:16.409,1.4909,1.49115,2.00,1.00
2009.02.19 11:10:16.769,1.4909,1.4911,1.20,1.00
2009.02.19 11:10:17.629,1.4909,1.4911,1.20,1.00
2009.02.19 11:10:17.969,1.49085,1.49115,7.40,4.80
2009.02.19 11:10:18.468,1.49085,1.49105,7.40,1.00
2009.02.19 11:10:18.978,1.49085,1.49115,7.40,6.00
2009.02.19 11:10:19.488,1.49085,1.49115,13.00,5.80
2009.02.19 11:10:20.118,1.49085,1.49115,13.00,5.80
2009.02.19 11:10:20.348,1.4909,1.4912,1.20,1.00
2009.02.19 11:10:20.748,1.4909,1.4911,1.20,1.00
2009.02.19 11:10:21.298,1.49085,1.49115,13.00,5.80
2009.02.19 11:10:21.707,1.49085,1.49115,7.40,5.80
2009.02.19 11:10:22.808,1.49095,1.4912,1.00,8.80
2009.02.19 11:10:23.517,1.49095,1.4911,1.00,1.00
2009.02.19 11:10:23.927,1.4909,1.49135,1.00,10.00
2009.02.19 11:10:24.337,1.49095,1.49135,1.80,1.00
2009.02.19 11:10:24.507,1.49095,1.49145,1.80,5.20
2009.02.19 11:10:25.157,1.4911,1.4914,2.40,2.80
2009.02.19 11:10:25.626,1.4911,1.4915,2.20,6.00
2009.02.19 11:10:26.037,1.4911,1.4915,4.60,6.00
2009.02.19 11:10:26.896,1.49115,1.4915,2.40,6.00
2009.02.19 11:10:27.476,1.4912,1.4915,2.20,6.00
2009.02.19 11:10:27.986,1.4911,1.4915,6.00,6.00
2009.02.19 11:10:30.146,1.4911,1.4915,3.80,6.00
2009.02.19 11:10:30.375,1.4911,1.4915,3.80,7.40
2009.02.19 11:10:31.245,1.4911,1.49145,3.80,4.80
2009.02.19 11:10:31.525,1.4911,1.49145,2.00,4.80
2009.02.19 11:10:31.845,1.4911,1.49145,2.00,5.00
2009.02.19 11:10:32.135,1.4911,1.49145,2.00,5.00
2009.02.19 11:10:32.745,1.4911,1.49145,2.00,6.00
2009.02.19 11:10:33.405,1.4912,1.49145,2.20,4.80
2009.02.19 11:10:33.995,1.4911,1.4915,3.80,7.40
2009.02.19 11:10:34.335,1.4911,1.4914,3.80,1.00
2009.02.19 11:10:34.794,1.49125,1.4914,1.00,1.00
2009.02.19 11:10:34.964,1.49125,1.4915,1.00,7.00
2009.02.19 11:10:35.824,1.4911,1.4915,4.60,7.40
2009.02.19 11:10:36.114,1.4913,1.4915,1.00,1.40
2009.02.19 11:10:36.404,1.4913,1.4915,1.00,6.00
2009.02.19 11:10:36.874,1.4913,1.4915,1.00,7.40
2009.02.19 11:10:37.394,1.4913,1.4915,1.00,6.00
2009.02.19 11:10:37.864,1.4913,1.4915,1.00,7.40
2009.02.19 11:10:39.033,1.4913,1.4915,1.00,6.00
2009.02.19 11:10:40.403,1.49125,1.4915,4.60,6.00
2009.02.19 11:10:40.803,1.4914,1.49155,5.40,1.60
2009.02.19 11:10:41.243,1.4915,1.49165,2.00,1.60
2009.02.19 11:10:41.853,1.4915,1.4918,2.00,6.00
2009.02.19 11:10:42.543,1.4916,1.4918,1.00,6.00
2009.02.19 11:10:49.921,1.4916,1.4918,1.20,6.00
2009.02.19 11:10:50.321,1.4916,1.4918,1.00,1.40
2009.02.19 11:10:50.821,1.4916,1.4918,1.00,6.00
2009.02.19 11:10:51.650,1.4915,1.4918,1.00,6.00
2009.02.19 11:10:51.880,1.4914,1.49175,6.80,5.60
2009.02.19 11:10:52.440,1.4915,1.49175,4.60,5.60
2009.02.19 11:10:52.860,1.4914,1.49175,6.80,5.60
2009.02.19 11:10:57.399,1.4914,1.49175,4.80,5.60
2009.02.19 11:10:58.659,1.4914,1.4917,1.00,1.00
2009.02.19 11:10:58.999,1.4914,1.4917,1.00,4.80
2009.02.19 11:10:59.459,1.4914,1.4917,1.00,6.00
2009.02.19 11:11:00.209,1.4915,1.4917,1.00,6.00
2009.02.19 11:11:00.508,1.4915,1.4917,1.00,1.40
2009.02.19 11:11:01.078,1.4915,1.4916,1.00,1.00
2009.02.19 11:11:01.308,1.4914,1.4916,3.20,1.40
2009.02.19 11:11:01.538,1.49155,1.4916,1.00,1.20
2009.02.19 11:11:02.288,1.4913,1.4916,2.40,1.40
2009.02.19 11:11:03.348,1.4914,1.49165,1.20,13.20
2009.02.19 11:11:03.748,1.4914,1.49165,3.20,2.80
2009.02.19 11:11:03.918,1.4914,1.4916,5.40,1.20
2009.02.19 11:11:04.487,1.4913,1.4916,2.40,6.00
2009.02.19 11:11:04.937,1.49145,1.4916,2.00,4.80
2009.02.19 11:11:05.387,1.4912,1.49165,9.60,5.60
2009.02.19 11:11:05.617,1.4912,1.4917,6.80,1.00
2009.02.19 11:11:05.967,1.49125,1.4917,1.80,1.00
2009.02.19 11:11:08.587,1.49135,1.4917,2.00,1.00
2009.02.19 11:11:08.867,1.4914,1.4917,2.40,1.00
2009.02.19 11:11:10.876,1.4914,1.4917,4.20,1.00
2009.02.19 11:11:14.475,1.4914,1.49165,4.20,1.20
2009.02.19 11:11:15.055,1.4913,1.4916,5.00,1.00
2009.02.19 11:11:15.405,1.4914,1.4916,1.00,1.00
2009.02.19 11:11:17.544,1.4914,1.4917,1.00,4.80
2009.02.19 11:11:17.994,1.49135,1.4916,2.00,4.80
2009.02.19 11:11:18.454,1.4914,1.4917,1.80,4.80
2009.02.19 11:11:19.324,1.49145,1.4918,2.00,6.00
2009.02.19 11:11:19.484,1.4915,1.4918,4.20,1.40
2009.02.19 11:11:19.724,1.4916,1.4918,1.00,1.40
2009.02.19 11:11:20.463,1.4915,1.4918,2.00,1.40
2009.02.19 11:11:20.993,1.4915,1.4918,2.40,6.00
2009.02.19 11:11:21.453,1.4916,1.49175,2.20,5.60
2009.02.19 11:11:21.863,1.4915,1.4918,1.20,1.40
2009.02.19 11:11:22.673,1.4916,1.4918,2.20,1.40
2009.02.19 11:11:24.153,1.4916,1.4918,1.00,1.40
2009.02.19 11:11:27.251,1.4916,1.4918,2.20,1.40
2009.02.19 11:11:27.982,1.4916,1.4918,1.00,1.40
2009.02.19 11:11:28.611,1.4916,1.4918,2.20,1.40
2009.02.19 11:11:36.839,1.4916,1.4918,2.20,1.40
2009.02.19 11:11:42.028,1.4916,1.4918,2.60,1.40
2009.02.19 11:11:42.728,1.4916,1.4918,2.60,1.40
2009.02.19 11:11:43.289,1.4916,1.4918,2.60,1.40
2009.02.19 11:11:43.678,1.49155,1.4918,3.40,1.40
2009.02.19 11:11:44.028,1.49165,1.4918,2.20,1.40
2009.02.19 11:11:44.318,1.4916,1.4918,2.60,1.40
2009.02.19 11:11:44.998,1.4916,1.4918,1.00,6.00
2009.02.19 11:11:59.054,1.4915,1.4918,1.00,6.00
2009.02.19 11:12:00.524,1.4915,1.4918,1.00,6.20
2009.02.19 11:12:02.723,1.4915,1.4918,1.00,6.00
2009.02.19 11:12:03.643,1.49145,1.4918,2.80,6.00
2009.02.19 11:12:04.003,1.49145,1.4918,5.00,6.00
2009.02.19 11:12:04.953,1.49145,1.4918,2.80,6.00
2009.02.19 11:12:07.882,1.4916,1.4918,2.20,1.40
2009.02.19 11:12:08.812,1.4915,1.4918,1.00,1.40
2009.02.19 11:12:09.281,1.4915,1.4918,1.00,6.00
2009.02.19 11:12:09.872,1.49145,1.4918,3.00,6.00
2009.02.19 11:12:10.221,1.49145,1.4918,5.00,6.00
2009.02.19 11:12:12.051,1.49145,1.4918,3.00,6.00
2009.02.19 11:12:14.760,1.49145,1.4918,3.00,7.40
2009.02.19 11:12:15.230,1.4915,1.4918,1.00,7.40
2009.02.19 11:12:16.030,1.49145,1.4918,2.80,6.00
2009.02.19 11:12:16.530,1.4915,1.4918,2.80,1.40
2009.02.19 11:12:20.849,1.4915,1.4918,2.80,1.60
2009.02.19 11:12:21.009,1.4916,1.4918,2.20,1.60
2009.02.19 11:12:21.599,1.4916,1.49175,2.20,1.00
2009.02.19 11:12:22.228,1.4915,1.4917,1.00,1.00
2009.02.19 11:12:24.998,1.4915,1.4917,1.00,4.80
2009.02.19 11:12:25.398,1.4914,1.4917,2.00,4.80
2009.02.19 11:12:32.416,1.4914,1.4917,2.00,4.80
2009.02.19 11:12:32.706,1.4914,1.4916,2.00,1.00
2009.02.19 11:12:34.356,1.4914,1.4916,3.80,1.00
2009.02.19 11:12:36.825,1.4914,1.4916,6.00,1.00
2009.02.19 11:12:37.975,1.4914,1.4916,2.00,1.00
2009.02.19 11:12:47.453,1.4914,1.4916,2.00,1.00
2009.02.19 11:12:47.862,1.4914,1.49165,1.80,5.60
2009.02.19 11:12:49.382,1.4914,1.4915,1.20,4.80
2009.02.19 11:12:49.832,1.4913,1.4915,1.80,4.80
2009.02.19 11:12:50.931,1.4913,1.4915,1.80,6.20
2009.02.19 11:12:51.501,1.4913,1.4915,1.80,6.00
2009.02.19 11:12:51.911,1.4913,1.4915,1.00,6.00
2009.02.19 11:12:52.361,1.4913,1.49145,1.00,4.80
2009.02.19 11:12:52.761,1.49105,1.49145,4.20,5.40
2009.02.19 11:12:53.271,1.49105,1.49145,2.00,5.40
2009.02.19 11:12:53.551,1.49105,1.49145,2.00,6.60
2009.02.19 11:12:54.001,1.4911,1.49135,2.00,1.00
2009.02.19 11:12:54.291,1.4911,1.49135,1.80,4.80
2009.02.19 11:12:55.830,1.4911,1.49135,1.80,9.80
2009.02.19 11:12:56.281,1.4911,1.4913,1.80,1.60
2009.02.19 11:12:57.970,1.4911,1.49135,1.80,11.80
2009.02.19 11:12:58.190,1.4911,1.49135,1.80,5.40
2009.02.19 11:13:00.199,1.4911,1.49135,1.80,10.20
2009.02.19 11:13:00.489,1.4911,1.49135,1.80,11.80
2009.02.19 11:13:00.729,1.4911,1.4913,1.80,1.60
2009.02.19 11:13:04.108,1.4911,1.4913,2.00,1.60
2009.02.19 11:13:04.278,1.4911,1.49135,2.00,2.20
2009.02.19 11:13:04.618,1.4911,1.4913,2.40,3.20
2009.02.19 11:13:05.208,1.49115,1.4914,1.80,1.00
2009.02.19 11:13:09.268,1.4912,1.49145,1.80,1.00
2009.02.19 11:13:09.547,1.49125,1.4915,1.80,1.00
2009.02.19 11:13:09.757,1.4912,1.4915,1.80,1.00
2009.02.19 11:13:14.935,1.49115,1.4915,2.20,1.00
2009.02.19 11:13:15.166,1.49115,1.4915,1.80,1.00
2009.02.19 11:13:16.375,1.4913,1.4915,1.80,1.00
2009.02.19 11:13:16.725,1.49105,1.4914,2.00,4.80
2009.02.19 11:13:17.065,1.49105,1.4914,2.00,6.00
2009.02.19 11:13:23.494,1.49115,1.4914,1.20,1.60
2009.02.19 11:13:24.553,1.4911,1.4914,4.60,9.60
2009.02.19 11:13:24.833,1.4912,1.4913,2.20,1.20
2009.02.19 11:13:25.153,1.4911,1.4913,2.80,1.20
2009.02.19 11:13:25.733,1.4911,1.4913,1.80,1.60
2009.02.19 11:13:26.083,1.4911,1.4913,1.80,1.20
2009.02.19 11:13:27.173,1.4911,1.4913,1.80,1.60
2009.02.19 11:13:27.633,1.4911,1.4913,2.00,1.60
2009.02.19 11:13:28.303,1.49115,1.4913,1.00,1.00
2009.02.19 11:13:28.762,1.4911,1.4913,1.80,1.00
2009.02.19 11:13:29.152,1.4911,1.49135,2.00,1.00
2009.02.19 11:13:29.502,1.4911,1.4914,2.00,6.00
2009.02.19 11:13:36.340,1.49125,1.49145,1.80,8.80
2009.02.19 11:13:36.741,1.4913,1.49145,2.00,1.60
2009.02.19 11:13:37.021,1.4913,1.4915,2.00,1.00
2009.02.19 11:13:37.420,1.49125,1.4915,10.40,1.00
2009.02.19 11:13:37.710,1.49125,1.4915,1.00,1.00
2009.02.19 11:13:38.850,1.49125,1.4915,2.00,1.00
2009.02.19 11:13:39.300,1.4913,1.4915,1.00,1.00
2009.02.19 11:13:39.830,1.4912,1.4915,8.20,1.00
2009.02.19 11:13:40.330,1.49125,1.4915,6.20,1.00
2009.02.19 11:13:41.670,1.49135,1.4915,2.40,1.00
2009.02.19 11:13:42.179,1.49135,1.4915,4.60,1.00
2009.02.19 11:13:43.429,1.49135,1.4915,6.40,1.00
2009.02.19 11:13:44.918,1.4915,1.49155,2.20,1.00
2009.02.19 11:13:45.098,1.4915,1.49155,2.20,1.00
2009.02.19 11:13:45.609,1.4915,1.4918,2.20,18.00
2009.02.19 11:13:46.068,1.4915,1.49175,1.80,1.00
2009.02.19 11:13:46.638,1.49145,1.4917,2.00,1.00
2009.02.19 11:13:47.098,1.49145,1.4917,4.20,1.00
2009.02.19 11:13:48.218,1.4916,1.4917,2.20,1.00
2009.02.19 11:13:48.568,1.49155,1.4917,2.40,1.00
2009.02.19 11:13:48.817,1.49155,1.4918,2.40,1.60
2009.02.19 11:13:51.747,1.49155,1.4918,1.00,1.60
2009.02.19 11:13:52.207,1.49145,1.4918,6.40,6.00
2009.02.19 11:13:52.417,1.49155,1.4918,2.40,1.60
2009.02.19 11:13:54.856,1.49155,1.49185,2.40,18.80
2009.02.19 11:13:55.426,1.4916,1.49185,2.40,14.00
2009.02.19 11:13:55.716,1.4916,1.4918,2.40,1.60
2009.02.19 11:13:58.885,1.4917,1.4918,1.00,1.60
2009.02.19 11:13:59.305,1.4917,1.4918,1.00,6.00
2009.02.19 11:13:59.605,1.49155,1.4918,3.00,4.80
2009.02.19 11:13:59.895,1.49155,1.4918,12.40,1.00
2009.02.19 11:14:00.125,1.49155,1.4918,7.40,1.00
2009.02.19 11:14:00.535,1.49155,1.4918,1.80,1.00
2009.02.19 11:14:02.224,1.4915,1.4917,2.00,1.00
2009.02.19 11:14:02.504,1.49145,1.4917,6.20,1.00
2009.02.19 11:14:04.354,1.49145,1.4917,4.00,1.00
2009.02.19 11:14:05.004,1.4915,1.49175,2.20,10.40
2009.02.19 11:14:05.513,1.4915,1.49165,2.20,4.80
2009.02.19 11:14:08.033,1.49155,1.49165,1.80,4.80
2009.02.19 11:14:08.373,1.49155,1.4917,2.00,1.00
2009.02.19 11:14:08.903,1.49165,1.49175,1.00,5.60
2009.02.19 11:14:09.183,1.49165,1.4918,1.00,6.00
2009.02.19 11:14:11.942,1.4916,1.4918,2.60,6.00
2009.02.19 11:14:13.702,1.4916,1.49175,1.80,4.80
2009.02.19 11:14:14.221,1.49165,1.4918,2.20,6.00
2009.02.19 11:14:14.571,1.4916,1.4918,3.00,6.00
2009.02.19 11:14:15.181,1.49155,1.49175,2.60,4.80
2009.02.19 11:14:15.821,1.49155,1.4918,1.80,1.60
2009.02.19 11:14:16.111,1.49145,1.49165,1.00,1.00
2009.02.19 11:14:16.401,1.4914,1.49185,3.60,5.60
2009.02.19 11:14:17.041,1.4914,1.49185,3.60,10.40
2009.02.19 11:14:19.010,1.4914,1.49175,1.80,11.40
2009.02.19 11:14:19.400,1.49135,1.4916,1.80,1.00
2009.02.19 11:14:19.761,1.4913,1.49165,5.00,10.40
2009.02.19 11:14:20.110,1.4912,1.4914,1.00,9.80
2009.02.19 11:14:20.330,1.49095,1.4914,13.20,4.80
2009.02.19 11:14:20.610,1.49095,1.49135,4.40,4.80
2009.02.19 11:14:21.250,1.49095,1.4911,2.20,1.00
2009.02.19 11:14:21.580,1.49075,1.491,1.80,1.00
2009.02.19 11:14:21.879,1.4907,1.49105,8.60,10.40
2009.02.19 11:14:22.169,1.4907,1.49105,3.00,10.40
2009.02.19 11:14:22.569,1.4907,1.4909,3.60,1.00
2009.02.19 11:14:22.959,1.4907,1.4909,1.80,1.00
2009.02.19 11:14:23.139,1.49065,1.4909,1.80,1.00
2009.02.19 11:14:23.439,1.49065,1.49095,1.80,10.20
2009.02.19 11:14:23.619,1.49055,1.49095,16.40,10.60
2009.02.19 11:14:23.839,1.4906,1.49095,1.80,10.80
2009.02.19 11:14:24.129,1.4906,1.49095,1.80,11.80
2009.02.19 11:14:24.369,1.49065,1.49095,6.40,10.60
2009.02.19 11:14:24.549,1.49065,1.4909,10.20,1.00
2009.02.19 11:14:24.999,1.49065,1.4909,13.20,1.00
2009.02.19 11:14:25.369,1.49065,1.4909,13.20,1.00
2009.02.19 11:14:25.539,1.49065,1.49095,15.00,6.00
2009.02.19 11:14:25.778,1.49065,1.49095,13.20,6.00
2009.02.19 11:14:26.618,1.4908,1.4909,1.00,1.00
2009.02.19 11:14:27.008,1.49075,1.4909,13.20,1.00
2009.02.19 11:14:27.508,1.49075,1.49105,1.80,5.60
2009.02.19 11:14:27.728,1.4907,1.49105,1.80,5.80
2009.02.19 11:14:28.308,1.49075,1.49105,1.00,5.80
2009.02.19 11:14:28.538,1.4909,1.491,5.60,1.00
2009.02.19 11:14:29.048,1.4909,1.49115,8.80,7.40
2009.02.19 11:14:29.168,1.4909,1.49115,9.00,7.40
2009.02.19 11:14:30.018,1.4909,1.49115,9.00,8.80
2009.02.19 11:14:32.137,1.491,1.49115,1.80,7.40
2009.02.19 11:14:32.317,1.491,1.49115,1.80,6.60
2009.02.19 11:14:32.667,1.49105,1.49115,2.60,4.80
2009.02.19 11:14:32.887,1.4911,1.4913,2.00,1.00
2009.02.19 11:14:33.567,1.4911,1.4913,1.80,1.00
2009.02.19 11:14:33.617,1.49105,1.4913,2.20,1.00
2009.02.19 11:14:33.737,1.49105,1.4913,1.80,1.00
2009.02.19 11:14:36.656,1.49105,1.4913,1.80,1.00
2009.02.19 11:14:42.524,1.49105,1.4912,1.80,1.00
2009.02.19 11:14:42.695,1.491,1.4912,2.20,1.00
2009.02.19 11:14:43.224,1.491,1.4912,2.00,1.00
2009.02.19 11:14:43.564,1.491,1.4912,3.80,1.00
2009.02.19 11:14:44.314,1.49105,1.4913,5.60,1.00
2009.02.19 11:14:44.544,1.49105,1.4913,7.40,1.00
2009.02.19 11:14:47.343,1.4912,1.4913,2.00,1.00
2009.02.19 11:14:53.882,1.49115,1.49125,12.40,4.80
2009.02.19 11:14:54.002,1.491,1.4912,1.80,1.20
2009.02.19 11:14:58.541,1.49095,1.49115,7.60,1.60
2009.02.19 11:14:58.771,1.4909,1.49115,9.20,2.80
2009.02.19 11:14:59.330,1.4909,1.49115,9.20,3.00
2009.02.19 11:15:01.000,1.491,1.49115,1.80,1.60
2009.02.19 11:15:01.110,1.491,1.4912,1.80,1.40
2009.02.19 11:15:01.290,1.491,1.4912,1.80,1.20
2009.02.19 11:15:03.419,1.4909,1.4912,7.20,6.00
2009.02.19 11:15:03.819,1.4909,1.4912,5.00,8.40
2009.02.19 11:15:03.989,1.4908,1.49105,1.80,4.80
2009.02.19 11:15:04.169,1.49075,1.49105,2.00,9.60
2009.02.19 11:15:04.329,1.49075,1.491,2.00,1.20
2009.02.19 11:15:07.488,1.4907,1.491,6.40,7.40
2009.02.19 11:15:07.839,1.4906,1.491,8.80,11.20
2009.02.19 11:15:08.009,1.4906,1.491,1.20,11.20
2009.02.19 11:15:08.648,1.4906,1.491,2.00,11.20
2009.02.19 11:15:08.748,1.4906,1.4909,1.20,1.40
2009.02.19 11:15:08.868,1.4906,1.49085,1.20,5.00
2009.02.19 11:15:08.988,1.49055,1.49085,2.20,9.60
2009.02.19 11:15:09.228,1.49055,1.49085,2.00,9.60
2009.02.19 11:15:09.468,1.4906,1.49095,1.20,2.80
2009.02.19 11:15:09.578,1.4906,1.491,1.20,8.40
2009.02.19 11:15:09.748,1.4906,1.491,2.00,8.40
2009.02.19 11:15:10.378,1.49065,1.491,4.80,8.40
2009.02.19 11:15:10.538,1.49065,1.491,7.40,5.80
2009.02.19 11:15:10.888,1.4907,1.491,1.80,4.80
2009.02.19 11:15:11.068,1.4907,1.49105,2.00,1.20
2009.02.19 11:15:14.177,1.49075,1.491,2.00,1.60
2009.02.19 11:15:18.876,1.49075,1.49105,2.80,11.60
2009.02.19 11:15:19.156,1.49075,1.49105,8.40,6.80
2009.02.19 11:15:19.275,1.49075,1.491,13.20,1.00
2009.02.19 11:15:20.605,1.49075,1.4909,10.40,1.00
2009.02.19 11:15:20.966,1.49075,1.4909,10.40,5.00
2009.02.19 11:15:21.305,1.4907,1.49085,2.00,1.00
2009.02.19 11:15:21.655,1.4907,1.491,1.20,1.00
2009.02.19 11:15:25.045,1.4907,1.49105,1.20,5.20
2009.02.19 11:15:25.664,1.4907,1.491,1.20,1.00
2009.02.19 11:15:26.124,1.4908,1.491,1.20,1.00
2009.02.19 11:15:26.524,1.4907,1.49085,4.80,4.80
2009.02.19 11:15:26.874,1.49055,1.4908,6.80,1.20
2009.02.19 11:15:27.214,1.4906,1.4908,4.60,1.20
2009.02.19 11:15:28.863,1.4906,1.49085,4.60,2.80
2009.02.19 11:15:29.043,1.49055,1.4908,12.40,1.20
2009.02.19 11:15:29.273,1.49055,1.4908,6.80,1.20
2009.02.19 11:15:30.503,1.4906,1.4909,1.00,11.00
2009.02.19 11:15:30.683,1.4906,1.4909,1.20,4.80
2009.02.19 11:15:30.963,1.49075,1.49095,1.80,2.40
2009.02.19 11:15:31.323,1.49075,1.491,1.80,9.00
2009.02.19 11:15:31.603,1.49075,1.491,1.80,6.00
2009.02.19 11:15:32.303,1.49075,1.491,1.80,6.20
2009.02.19 11:15:32.692,1.49075,1.49095,1.80,4.80
2009.02.19 11:15:33.103,1.4907,1.49095,2.40,5.80
2009.02.19 11:15:33.272,1.4906,1.49095,1.20,7.20
2009.02.19 11:15:34.142,1.4906,1.49095,1.20,7.00
2009.02.19 11:15:34.312,1.4906,1.49095,6.40,7.00
2009.02.19 11:15:34.482,1.4907,1.491,6.20,9.00
2009.02.19 11:15:34.602,1.4907,1.491,6.20,6.00
2009.02.19 11:15:34.892,1.49075,1.491,1.80,6.00
2009.02.19 11:15:35.482,1.49075,1.491,2.00,1.60
2009.02.19 11:15:40.270,1.49075,1.49085,2.00,1.00
2009.02.19 11:15:40.431,1.49075,1.491,2.00,2.60
2009.02.19 11:15:40.820,1.49075,1.491,2.00,1.60
2009.02.19 11:15:46.909,1.4909,1.491,9.00,1.00
2009.02.19 11:15:47.029,1.4909,1.491,7.20,1.00
2009.02.19 11:15:47.269,1.4908,1.491,1.20,1.00
2009.02.19 11:15:53.917,1.4908,1.491,1.60,1.00
2009.02.19 11:15:58.676,1.49075,1.49105,7.60,5.40
2009.02.19 11:15:58.956,1.49075,1.491,4.40,1.60
2009.02.19 11:15:59.226,1.49075,1.491,2.80,1.60
2009.02.19 11:15:59.406,1.49075,1.491,2.00,1.60
2009.02.19 11:15:59.746,1.49075,1.491,2.80,1.60
2009.02.19 11:15:59.906,1.49075,1.491,4.40,1.60
2009.02.19 11:16:00.595,1.4908,1.491,1.00,8.00
2009.02.19 11:16:00.886,1.4908,1.491,1.60,1.60
2009.02.19 11:16:01.105,1.4908,1.491,1.60,1.00
2009.02.19 11:16:01.505,1.4909,1.491,10.20,1.00
2009.02.19 11:16:01.975,1.4909,1.491,12.00,1.00
2009.02.19 11:16:02.246,1.4909,1.491,12.40,1.00
2009.02.19 11:16:03.275,1.4909,1.4911,1.20,1.20
2009.02.19 11:16:03.625,1.4909,1.4911,2.20,1.20
2009.02.19 11:16:04.555,1.4909,1.4911,4.60,1.20
2009.02.19 11:16:04.895,1.4909,1.4911,2.60,1.20
2009.02.19 11:16:05.125,1.491,1.4911,1.40,1.20
2009.02.19 11:16:05.584,1.4909,1.49115,12.40,2.80
2009.02.19 11:16:08.004,1.4909,1.49115,14.00,2.80
2009.02.19 11:16:08.354,1.4909,1.4911,14.00,1.20
2009.02.19 11:16:08.834,1.4909,1.49115,14.00,2.80
2009.02.19 11:16:11.563,1.491,1.49115,1.80,1.60
2009.02.19 11:16:11.803,1.491,1.4912,2.00,3.20
2009.02.19 11:16:12.204,1.491,1.4913,2.00,4.80
2009.02.19 11:16:13.132,1.491,1.4912,2.00,1.00
2009.02.19 11:16:15.172,1.49105,1.4912,5.60,1.00
2009.02.19 11:16:15.632,1.491,1.4912,2.00,1.00
2009.02.19 11:16:17.762,1.491,1.49125,1.80,5.20
2009.02.19 11:16:20.511,1.491,1.4911,1.80,1.00
2009.02.19 11:16:20.691,1.491,1.4912,1.80,1.40
2009.02.19 11:16:21.031,1.491,1.49125,1.80,6.00
2009.02.19 11:16:25.010,1.491,1.49115,1.80,1.00
2009.02.19 11:16:25.520,1.491,1.49125,1.80,5.00
2009.02.19 11:16:25.820,1.491,1.4912,2.00,1.00
2009.02.19 11:16:27.359,1.491,1.49125,1.80,5.20
2009.02.19 11:16:32.958,1.491,1.49125,4.00,5.20
2009.02.19 11:16:33.248,1.49115,1.4913,1.60,4.80
2009.02.19 11:16:33.528,1.4912,1.49135,1.80,1.00
2009.02.19 11:16:33.767,1.4912,1.4914,1.80,1.40
2009.02.19 11:16:34.767,1.4912,1.4914,1.80,6.20
2009.02.19 11:16:34.877,1.4911,1.4913,6.60,1.20
2009.02.19 11:16:35.227,1.4911,1.4913,2.80,1.20
2009.02.19 11:16:35.567,1.4911,1.4914,2.80,6.00
2009.02.19 11:16:35.847,1.4911,1.4914,2.00,6.00
2009.02.19 11:16:36.177,1.4912,1.49145,1.00,6.80
2009.02.19 11:16:36.407,1.4912,1.49145,2.00,1.80
2009.02.19 11:16:36.687,1.4912,1.4914,2.00,1.00
2009.02.19 11:16:37.567,1.4912,1.49145,2.00,1.60
2009.02.19 11:16:38.167,1.4912,1.4914,2.00,1.00
2009.02.19 11:16:39.386,1.4912,1.4914,1.80,4.80
2009.02.19 11:16:39.686,1.49115,1.4914,6.40,29.00
2009.02.19 11:16:40.156,1.4911,1.49135,2.20,1.00
2009.02.19 11:16:40.396,1.4911,1.4914,3.80,24.00
2009.02.19 11:16:40.686,1.4911,1.4915,6.00,6.00
2009.02.19 11:16:41.596,1.4911,1.4915,6.40,6.00
2009.02.19 11:16:42.226,1.4912,1.4915,2.20,6.00
2009.02.19 11:16:42.756,1.49115,1.4915,1.00,6.00
2009.02.19 11:16:43.235,1.4911,1.4915,6.40,6.00
2009.02.19 11:16:43.635,1.4911,1.4915,3.80,7.40
2009.02.19 11:16:44.265,1.4911,1.4914,3.80,1.00
2009.02.19 11:16:49.014,1.4911,1.49145,3.80,5.00
2009.02.19 11:16:49.204,1.4911,1.49145,2.00,6.00
2009.02.19 11:16:49.624,1.4911,1.49145,2.00,5.00
2009.02.19 11:16:50.084,1.4911,1.49145,3.80,5.00
2009.02.19 11:16:50.264,1.4911,1.4914,3.80,1.00
2009.02.19 11:16:52.203,1.4911,1.4914,6.00,1.00
2009.02.19 11:16:54.422,1.4911,1.4915,6.00,6.00
2009.02.19 11:16:54.932,1.4911,1.4915,3.80,6.00
2009.02.19 11:16:58.632,1.4911,1.4914,3.80,1.00
2009.02.19 11:16:59.072,1.4911,1.4913,3.80,1.00
2009.02.19 11:16:59.672,1.4911,1.49135,1.80,5.00
2009.02.19 11:17:00.511,1.4911,1.4913,2.00,1.00
2009.02.19 11:17:03.321,1.4911,1.49135,1.80,5.00
2009.02.19 11:17:04.870,1.4911,1.49135,8.20,5.00
2009.02.19 11:17:05.050,1.4912,1.49135,1.80,5.00
2009.02.19 11:17:05.340,1.49115,1.49135,4.80,5.00
2009.02.19 11:17:05.980,1.4912,1.49135,1.00,4.80
2009.02.19 11:17:06.560,1.4911,1.4914,2.00,6.00
2009.02.19 11:17:07.100,1.4912,1.4913,1.00,1.20
2009.02.19 11:17:08.669,1.4912,1.49135,1.00,7.60
2009.02.19 11:17:09.009,1.4912,1.4913,1.00,1.20
2009.02.19 11:17:09.359,1.4912,1.49135,1.80,6.40
2009.02.19 11:17:09.589,1.4912,1.4914,2.00,1.00
2009.02.19 11:17:15.318,1.4913,1.4915,1.00,6.00
2009.02.19 11:17:16.118,1.4912,1.4915,2.00,6.00
2009.02.19 11:17:17.117,1.4912,1.4914,2.00,1.00
2009.02.19 11:17:19.927,1.4913,1.49145,1.00,1.00
2009.02.19 11:17:19.986,1.4913,1.4915,1.00,6.00
2009.02.19 11:17:33.373,1.4912,1.4915,1.80,6.00
2009.02.19 11:17:33.613,1.4912,1.4914,1.80,1.00
2009.02.19 11:17:36.293,1.4913,1.4915,1.00,6.00
2009.02.19 11:17:37.222,1.4912,1.4915,2.00,6.00
2009.02.19 11:17:37.842,1.4912,1.4914,1.80,1.00
2009.02.19 11:17:38.632,1.4912,1.4914,2.00,1.00
2009.02.19 11:17:45.330,1.4912,1.4914,1.80,1.00
2009.02.19 11:17:45.680,1.4912,1.4914,1.80,4.80
2009.02.19 11:17:46.980,1.4912,1.4914,1.80,4.80
2009.02.19 11:17:47.430,1.4912,1.4913,1.80,1.00
2009.02.19 11:17:47.650,1.4912,1.49135,1.80,4.80
2009.02.19 11:17:48.050,1.4912,1.4913,1.00,4.80
2009.02.19 11:17:48.390,1.4911,1.4913,1.80,4.80
2009.02.19 11:17:49.229,1.49105,1.49135,3.20,1.60
2009.02.19 11:17:49.579,1.4911,1.4913,1.80,3.20
2009.02.19 11:17:49.759,1.4911,1.4913,1.80,1.00
2009.02.19 11:17:51.009,1.4911,1.49135,1.80,5.00
2009.02.19 11:17:51.409,1.4911,1.4913,1.80,1.60
2009.02.19 11:17:51.809,1.4911,1.4913,1.80,1.40
2009.02.19 11:17:54.148,1.4911,1.49135,1.80,11.40
2009.02.19 11:17:54.318,1.4911,1.49135,1.80,6.60
2009.02.19 11:17:54.558,1.4911,1.4913,1.80,4.80
2009.02.19 11:17:54.948,1.4911,1.4912,1.00,1.20
2009.02.19 11:17:55.958,1.49105,1.4912,3.00,1.20
2009.02.19 11:17:56.358,1.491,1.4912,17.20,1.20
2009.02.19 11:17:56.727,1.4911,1.4913,1.80,4.80
2009.02.19 11:17:57.088,1.4911,1.49135,1.80,5.60
2009.02.19 11:17:57.437,1.4911,1.4913,1.80,1.60
2009.02.19 11:17:58.237,1.49105,1.4913,3.00,3.20
2009.02.19 11:17:58.587,1.491,1.4913,17.40,8.00
2009.02.19 11:17:59.107,1.491,1.4912,15.60,1.20
2009.02.19 11:17:59.747,1.49115,1.4912,1.00,1.20
2009.02.19 11:17:59.917,1.4911,1.4913,4.40,1.60
2009.02.19 11:18:00.767,1.4911,1.4913,4.60,1.60
2009.02.19 11:18:01.166,1.4911,1.4913,1.80,6.40
2009.02.19 11:18:01.337,1.491,1.4912,17.80,1.20
2009.02.19 11:18:01.616,1.4911,1.4913,1.80,1.60
2009.02.19 11:18:02.186,1.4911,1.4913,9.00,1.40
2009.02.19 11:18:02.636,1.4911,1.4913,9.20,1.20
2009.02.19 11:18:09.555,1.4911,1.4913,11.40,1.20
2009.02.19 11:18:12.314,1.4911,1.4913,9.20,1.20
2009.02.19 11:18:12.664,1.4911,1.4913,11.40,1.20
2009.02.19 11:18:17.102,1.4912,1.4913,1.00,1.20
2009.02.19 11:18:17.383,1.49125,1.49155,1.80,6.00
2009.02.19 11:18:17.792,1.4912,1.4915,2.00,1.00
2009.02.19 11:18:18.313,1.4912,1.49155,2.00,6.00
2009.02.19 11:18:20.462,1.4912,1.4914,2.00,1.00
2009.02.19 11:18:20.872,1.4912,1.49145,2.00,1.00
2009.02.19 11:18:21.502,1.4912,1.4915,2.00,6.00
2009.02.19 11:18:51.714,1.4913,1.4915,2.00,1.60
2009.02.19 11:18:51.884,1.4913,1.4915,2.40,1.60
2009.02.19 11:18:52.064,1.49125,1.4915,1.80,6.00
2009.02.19 11:18:52.184,1.4912,1.4915,2.20,6.00
2009.02.19 11:18:52.814,1.4912,1.4915,2.00,6.00
2009.02.19 11:18:53.354,1.4912,1.4915,1.80,6.00
2009.02.19 11:18:53.644,1.4912,1.4915,2.00,6.00
2009.02.19 11:18:53.874,1.4913,1.4915,1.80,6.00
2009.02.19 11:18:55.374,1.4913,1.4915,4.20,1.60
2009.02.19 11:18:55.824,1.4913,1.4915,4.40,6.00
2009.02.19 11:18:56.103,1.4913,1.4915,1.80,6.00
2009.02.19 11:18:56.273,1.49125,1.4915,9.00,6.00
2009.02.19 11:18:56.443,1.4912,1.4915,4.40,6.00
2009.02.19 11:18:56.733,1.4912,1.4915,1.80,6.00
2009.02.19 11:18:58.343,1.49125,1.4915,2.80,1.60
2009.02.19 11:18:58.633,1.4913,1.4915,1.80,6.00
2009.02.19 11:18:58.803,1.4912,1.4915,2.00,6.00
2009.02.19 11:18:59.143,1.4912,1.4915,1.80,6.00
2009.02.19 11:18:59.692,1.4913,1.4915,1.80,6.00
2009.02.19 11:19:00.562,1.49135,1.4915,1.80,6.00
2009.02.19 11:19:00.853,1.4914,1.4915,7.20,4.80
2009.02.19 11:19:01.022,1.4914,1.49165,7.40,6.80
2009.02.19 11:19:01.472,1.4914,1.4915,7.40,1.00
2009.02.19 11:19:01.992,1.4914,1.4915,1.80,1.00
2009.02.19 11:19:04.291,1.4914,1.4915,3.40,1.00
2009.02.19 11:19:04.571,1.4914,1.4915,4.40,1.00
2009.02.19 11:19:05.101,1.4914,1.49155,1.00,5.60
2009.02.19 11:19:05.331,1.49115,1.49155,3.60,5.60
2009.02.19 11:19:08.410,1.4912,1.49155,3.60,6.60
2009.02.19 11:19:08.641,1.4913,1.49155,1.80,6.60
2009.02.19 11:19:08.810,1.4913,1.49155,1.80,5.60
2009.02.19 11:19:09.430,1.4913,1.49145,1.80,1.00
2009.02.19 11:19:09.780,1.4913,1.4914,1.80,1.00
2009.02.19 11:19:10.340,1.4913,1.4915,1.80,6.00
2009.02.19 11:19:10.850,1.4913,1.4914,1.80,1.00
2009.02.19 11:19:16.159,1.4911,1.49135,10.60,1.20
2009.02.19 11:19:16.458,1.49115,1.49135,1.80,1.20
2009.02.19 11:19:18.768,1.4911,1.4913,5.00,2.60
2009.02.19 11:19:18.948,1.49105,1.49115,4.80,1.00
2009.02.19 11:19:19.178,1.4908,1.49115,10.60,1.00
2009.02.19 11:19:19.468,1.4908,1.49115,1.80,1.00
2009.02.19 11:19:19.697,1.49075,1.49115,1.80,1.00
2009.02.19 11:19:20.037,1.49075,1.4911,2.60,1.00
2009.02.19 11:19:20.217,1.4909,1.4911,10.40,1.00
2009.02.19 11:19:20.337,1.491,1.49125,1.80,1.80
2009.02.19 11:19:20.688,1.491,1.49125,1.80,2.00
2009.02.19 11:19:20.917,1.491,1.4912,1.80,1.00
2009.02.19 11:19:23.986,1.491,1.4911,1.80,1.00
2009.02.19 11:19:25.956,1.4909,1.491,2.40,1.00
2009.02.19 11:19:26.176,1.4909,1.491,1.00,1.60
2009.02.19 11:19:26.706,1.4909,1.491,1.00,1.00
2009.02.19 11:19:27.106,1.49065,1.491,1.80,4.80
2009.02.19 11:19:29.275,1.4907,1.49085,1.80,4.80
2009.02.19 11:19:29.446,1.49065,1.4909,7.60,3.40
2009.02.19 11:19:29.626,1.49065,1.49095,7.60,5.60
2009.02.19 11:19:29.855,1.49065,1.491,13.20,9.00
2009.02.19 11:19:30.185,1.4907,1.491,1.80,6.00
2009.02.19 11:19:32.994,1.49065,1.491,15.40,6.00
2009.02.19 11:19:33.114,1.49065,1.491,15.00,6.00
2009.02.19 11:19:33.884,1.4908,1.491,1.00,6.00
2009.02.19 11:19:34.054,1.4908,1.491,1.00,1.60
2009.02.19 11:19:34.334,1.4907,1.491,8.40,6.00
2009.02.19 11:19:34.624,1.49065,1.491,2.00,6.00
2009.02.19 11:19:34.974,1.4907,1.491,1.20,6.00
2009.02.19 11:19:35.304,1.49065,1.491,9.40,6.00
2009.02.19 11:19:35.654,1.49065,1.491,7.60,6.00
2009.02.19 11:19:42.272,1.49065,1.4909,7.60,1.00
2009.02.19 11:19:42.742,1.4907,1.4909,1.20,1.00
2009.02.19 11:19:50.400,1.4907,1.491,1.20,6.00
2009.02.19 11:19:56.859,1.4907,1.4909,1.20,1.00
2009.02.19 11:19:59.968,1.4907,1.491,1.20,6.00
2009.02.19 11:20:01.268,1.49065,1.491,9.60,6.00
2009.02.19 11:20:01.767,1.49065,1.4909,4.80,1.00
2009.02.19 11:20:02.067,1.4907,1.4908,1.00,3.20
2009.02.19 11:20:02.467,1.4907,1.4908,1.20,1.60
2009.02.19 11:20:02.867,1.49065,1.49095,17.20,1.00
2009.02.19 11:20:03.647,1.49065,1.4909,15.40,1.00
2009.02.19 11:20:04.097,1.49055,1.4909,4.00,1.00
2009.02.19 11:20:05.917,1.49055,1.4909,4.80,1.00
2009.02.19 11:20:06.086,1.49065,1.4909,11.20,1.00
2009.02.19 11:20:06.326,1.4907,1.4909,1.20,1.00
2009.02.19 11:20:08.626,1.49065,1.4909,15.00,1.00
2009.02.19 11:20:08.956,1.4907,1.4909,1.20,1.00
2009.02.19 11:20:10.395,1.49065,1.4909,15.00,1.00
2009.02.19 11:20:10.675,1.4907,1.4909,1.20,1.00
2009.02.19 11:20:12.795,1.4907,1.491,1.20,4.80
2009.02.19 11:20:15.074,1.49065,1.491,15.00,4.80
2009.02.19 11:20:15.244,1.4907,1.491,1.20,4.80
2009.02.19 11:20:18.813,1.49065,1.491,15.00,4.80
2009.02.19 11:20:19.823,1.49065,1.491,15.00,6.00
2009.02.19 11:20:26.741,1.4907,1.491,5.40,1.40
2009.02.19 11:20:26.981,1.49075,1.491,1.80,1.20
2009.02.19 11:20:27.851,1.4907,1.49095,2.20,4.80
2009.02.19 11:20:28.251,1.49065,1.49095,7.40,4.80
2009.02.19 11:20:28.491,1.49065,1.49085,7.40,1.00
2009.02.19 11:20:30.740,1.49065,1.49095,7.40,4.80
2009.02.19 11:20:31.241,1.49075,1.49085,1.00,1.00
2009.02.19 11:20:31.570,1.49075,1.49085,7.60,1.00
2009.02.19 11:20:32.170,1.4907,1.491,3.20,6.00
2009.02.19 11:20:32.410,1.4907,1.491,1.20,4.80
2009.02.19 11:20:32.850,1.4907,1.491,2.00,4.80
2009.02.19 11:20:33.410,1.49075,1.491,1.80,4.80
2009.02.19 11:20:34.210,1.4907,1.491,2.00,4.80
2009.02.19 11:20:34.610,1.49075,1.491,1.80,4.80
2009.02.19 11:20:36.519,1.4907,1.491,1.20,4.80
2009.02.19 11:20:36.919,1.4907,1.491,2.00,4.80
2009.02.19 11:20:37.269,1.49075,1.491,1.80,4.80
2009.02.19 11:20:41.588,1.4907,1.4909,2.40,21.00
2009.02.19 11:20:41.987,1.4907,1.491,1.20,4.80
2009.02.19 11:20:42.497,1.4907,1.491,2.00,4.80
2009.02.19 11:20:43.077,1.49075,1.491,1.80,4.80
2009.02.19 11:20:44.517,1.4907,1.491,2.00,4.80
2009.02.19 11:20:45.327,1.49075,1.491,1.80,4.80
2009.02.19 11:20:45.617,1.4907,1.491,1.20,4.80
2009.02.19 11:20:45.787,1.4907,1.491,2.00,4.80
2009.02.19 11:20:46.197,1.49075,1.491,1.80,4.80
2009.02.19 11:20:46.616,1.4907,1.491,1.20,4.80
2009.02.19 11:20:46.966,1.49075,1.491,1.80,4.80
2009.02.19 11:20:47.546,1.4907,1.491,2.00,4.80
2009.02.19 11:20:48.856,1.49075,1.491,1.80,4.80
2009.02.19 11:20:52.305,1.49075,1.491,1.80,4.80
2009.02.19 11:20:54.634,1.49075,1.491,2.20,4.80
2009.02.19 11:20:54.924,1.4908,1.491,1.80,4.80
2009.02.19 11:20:55.045,1.49075,1.491,1.80,4.80
2009.02.19 11:21:03.302,1.4907,1.491,2.20,4.80
2009.02.19 11:21:03.472,1.4907,1.491,2.00,4.80
2009.02.19 11:21:04.802,1.49075,1.491,1.80,4.80
2009.02.19 11:21:12.620,1.4907,1.491,2.20,4.80
2009.02.19 11:21:13.040,1.4907,1.491,2.00,4.80
2009.02.19 11:21:17.519,1.49075,1.491,1.80,4.80
2009.02.19 11:21:17.899,1.4907,1.491,2.00,4.80
2009.02.19 11:21:20.658,1.49075,1.491,1.80,4.80
2009.02.19 11:21:20.998,1.4907,1.491,2.00,4.80
2009.02.19 11:21:22.858,1.4907,1.491,2.20,4.80
2009.02.19 11:21:23.378,1.49075,1.491,1.80,4.80
2009.02.19 11:21:23.658,1.49075,1.491,1.80,1.00
2009.02.19 11:21:23.888,1.49075,1.49115,4.00,5.60
2009.02.19 11:21:24.237,1.49075,1.4912,4.00,2.40
2009.02.19 11:21:24.997,1.49075,1.4912,4.00,2.20
2009.02.19 11:21:25.407,1.4909,1.4912,1.00,2.20
2009.02.19 11:21:27.647,1.491,1.49125,1.00,5.20
2009.02.19 11:21:28.397,1.491,1.49125,1.00,2.20
2009.02.19 11:21:33.325,1.491,1.49125,1.00,1.40
2009.02.19 11:21:36.644,1.491,1.49125,1.00,2.20
2009.02.19 11:21:39.244,1.491,1.49125,1.00,1.20
2009.02.19 11:21:39.364,1.49095,1.49135,2.60,6.00
2009.02.19 11:21:39.694,1.49095,1.4912,2.40,4.80
2009.02.19 11:21:39.974,1.491,1.49115,1.00,4.80
2009.02.19 11:21:40.493,1.4909,1.4913,2.00,7.40
2009.02.19 11:21:41.244,1.49085,1.49125,4.60,1.20
2009.02.19 11:21:41.573,1.4909,1.4911,1.00,4.80
2009.02.19 11:21:41.863,1.4909,1.49105,1.00,1.40
2009.02.19 11:21:43.183,1.49085,1.491,1.80,1.40
2009.02.19 11:21:43.743,1.49085,1.491,2.20,1.00
2009.02.19 11:21:46.002,1.49085,1.491,2.00,1.00
2009.02.19 11:21:46.282,1.4909,1.4911,2.20,1.40
2009.02.19 11:21:47.352,1.4909,1.4911,2.40,1.40
2009.02.19 11:21:47.522,1.49095,1.49115,1.80,5.00
2009.02.19 11:21:47.642,1.4909,1.49115,32.20,9.60
2009.02.19 11:21:47.802,1.4909,1.4911,1.00,1.20
2009.02.19 11:21:47.972,1.4909,1.4911,2.20,1.40
2009.02.19 11:21:48.491,1.49085,1.4911,2.40,1.40
2009.02.19 11:21:48.731,1.4908,1.491,2.40,1.00
2009.02.19 11:21:49.321,1.49075,1.491,6.40,1.20
2009.02.19 11:21:49.812,1.49075,1.4911,11.20,11.00
2009.02.19 11:21:50.101,1.4908,1.4911,2.00,6.00
2009.02.19 11:21:50.571,1.4908,1.4911,2.20,1.40
2009.02.19 11:21:51.521,1.4908,1.4911,4.60,1.40
2009.02.19 11:21:55.310,1.4909,1.4911,2.20,1.40
2009.02.19 11:21:55.540,1.49095,1.49115,2.00,4.80
2009.02.19 11:21:56.000,1.49095,1.49115,1.80,1.60
2009.02.19 11:21:57.029,1.49105,1.49115,3.00,1.60
2009.02.19 11:21:57.309,1.4911,1.4913,1.80,1.20
2009.02.19 11:21:58.539,1.4911,1.49135,4.40,6.40
2009.02.19 11:21:58.879,1.4911,1.49135,4.60,6.40
2009.02.19 11:21:59.219,1.49115,1.49135,1.80,1.60
2009.02.19 11:21:59.679,1.49115,1.49135,2.60,1.60
2009.02.19 11:22:02.178,1.4911,1.4913,2.60,6.00
2009.02.19 11:22:02.529,1.491,1.4913,2.00,6.00
2009.02.19 11:22:15.485,1.491,1.4913,3.80,6.00
2009.02.19 11:22:16.765,1.49105,1.4913,2.40,1.40
2009.02.19 11:22:17.325,1.49105,1.4913,4.20,1.40
2009.02.19 11:22:18.354,1.49115,1.4913,2.20,1.20
2009.02.19 11:22:18.794,1.4911,1.4913,2.40,1.20
2009.02.19 11:22:19.174,1.49105,1.4913,2.20,6.00
2009.02.19 11:22:19.574,1.491,1.4913,2.00,6.00
2009.02.19 11:22:21.763,1.4911,1.4913,2.20,1.40
2009.02.19 11:22:22.574,1.491,1.4913,3.80,6.00
2009.02.19 11:22:22.973,1.491,1.4913,2.00,6.00
2009.02.19 11:22:32.351,1.491,1.4912,1.80,4.80
2009.02.19 11:22:32.761,1.491,1.49105,1.80,4.80
2009.02.19 11:22:33.151,1.49075,1.4909,2.20,1.20
2009.02.19 11:22:33.681,1.49065,1.4909,4.60,1.20
2009.02.19 11:22:33.971,1.49065,1.49095,4.60,2.80
2009.02.19 11:22:35.920,1.4907,1.49095,7.00,2.80
2009.02.19 11:22:36.270,1.4907,1.4909,7.00,1.20
2009.02.19 11:22:37.210,1.4907,1.4909,4.60,1.20
2009.02.19 11:22:37.510,1.4907,1.49095,4.60,2.80
2009.02.19 11:22:39.399,1.4907,1.4909,4.40,4.80
2009.02.19 11:22:39.619,1.49065,1.4909,7.60,11.20
2009.02.19 11:22:39.839,1.49065,1.49085,7.60,1.60
2009.02.19 11:22:39.899,1.4906,1.49085,7.60,1.60
2009.02.19 11:22:39.959,1.4906,1.49085,7.60,1.60
2009.02.19 11:22:40.009,1.4906,1.49085,7.60,3.20
2009.02.19 11:22:40.069,1.4906,1.49085,7.60,2.80
2009.02.19 11:22:40.869,1.4906,1.49085,9.80,2.80
2009.02.19 11:22:41.449,1.4906,1.4908,9.80,1.20
2009.02.19 11:22:41.689,1.4907,1.49085,1.00,1.60
2009.02.19 11:22:41.978,1.4907,1.4912,2.80,6.20
2009.02.19 11:22:42.378,1.49075,1.49125,4.00,13.20
2009.02.19 11:22:42.889,1.49075,1.4912,1.80,4.80
2009.02.19 11:22:43.359,1.4908,1.4912,1.80,2.80
2009.02.19 11:22:43.738,1.4908,1.49125,1.80,7.20
2009.02.19 11:22:44.139,1.49075,1.4912,4.20,1.40
2009.02.19 11:22:44.628,1.4907,1.491,5.20,25.60
2009.02.19 11:22:45.018,1.49075,1.4911,1.80,2.80
2009.02.19 11:22:45.538,1.4909,1.4913,1.20,1.20
2009.02.19 11:22:45.708,1.4909,1.49125,1.20,5.80
2009.02.19 11:22:46.068,1.4909,1.4911,1.20,1.00
2009.02.19 11:22:46.857,1.4909,1.4911,2.00,1.00
2009.02.19 11:22:50.816,1.4909,1.4911,1.80,1.00
2009.02.19 11:22:51.347,1.4908,1.4911,2.40,1.00
2009.02.19 11:22:51.807,1.4908,1.4911,2.00,1.00
2009.02.19 11:22:52.316,1.4908,1.4911,4.20,1.00
2009.02.19 11:22:52.936,1.49085,1.4911,4.00,1.00
2009.02.19 11:22:58.694,1.49075,1.49105,6.80,4.80
2009.02.19 11:22:59.085,1.49075,1.491,6.80,1.20
2009.02.19 11:23:07.762,1.49085,1.491,2.20,1.20
2009.02.19 11:23:09.512,1.49075,1.491,6.80,1.20
2009.02.19 11:23:12.181,1.49075,1.491,6.80,1.60
2009.02.19 11:23:14.241,1.49075,1.491,6.60,6.00
2009.02.19 11:23:16.090,1.49075,1.491,8.80,6.00
2009.02.19 11:23:16.510,1.49075,1.491,9.00,6.00
2009.02.19 11:23:21.419,1.4909,1.491,2.20,1.20
2009.02.19 11:23:22.039,1.49075,1.491,8.40,6.00
2009.02.19 11:23:22.549,1.49075,1.491,8.80,6.00
2009.02.19 11:23:25.448,1.49085,1.491,2.20,6.00
2009.02.19 11:23:25.868,1.49075,1.491,6.60,6.00
2009.02.19 11:23:34.786,1.49075,1.49095,6.60,6.00
2009.02.19 11:23:35.006,1.49075,1.49095,1.80,4.80
2009.02.19 11:23:36.096,1.49075,1.49095,1.80,6.40
2009.02.19 11:23:36.385,1.49075,1.49095,2.00,1.60
2009.02.19 11:23:36.665,1.49075,1.49105,13.20,4.80
2009.02.19 11:23:36.945,1.49075,1.49105,5.60,4.80
2009.02.19 11:23:37.295,1.4907,1.49105,1.80,4.80
2009.02.19 11:23:37.475,1.49065,1.49105,15.00,4.80
2009.02.19 11:23:42.624,1.49065,1.49105,15.80,4.80
2009.02.19 11:23:42.854,1.49075,1.49105,2.80,4.80
2009.02.19 11:23:43.254,1.49075,1.49105,13.20,4.80
2009.02.19 11:23:44.824,1.49075,1.49095,11.20,1.00
2009.02.19 11:23:45.603,1.4908,1.4911,1.20,7.40
2009.02.19 11:23:46.113,1.4908,1.4911,1.20,6.00
2009.02.19 11:23:49.892,1.49075,1.491,14.20,1.20
2009.02.19 11:23:50.492,1.49075,1.491,6.80,1.20
2009.02.19 11:23:50.882,1.49085,1.4911,1.80,9.60
2009.02.19 11:23:51.062,1.49085,1.4911,1.80,9.60
2009.02.19 11:23:53.541,1.4908,1.4911,4.60,9.60
2009.02.19 11:23:53.881,1.4908,1.4911,8.80,9.60
2009.02.19 11:23:54.461,1.4908,1.4911,8.80,9.60
2009.02.19 11:23:54.761,1.4908,1.4911,7.00,9.60
2009.02.19 11:23:55.691,1.49085,1.4911,1.80,9.60
2009.02.19 11:23:56.211,1.4908,1.4911,7.00,9.60
2009.02.19 11:23:56.900,1.4908,1.4911,7.00,9.20
2009.02.19 11:23:57.250,1.49085,1.4911,2.00,1.20
2009.02.19 11:24:03.079,1.49085,1.4911,1.80,6.40
2009.02.19 11:24:03.359,1.49085,1.4911,1.80,8.00
2009.02.19 11:24:03.579,1.4908,1.491,7.00,1.20
2009.02.19 11:24:03.809,1.4908,1.491,8.80,1.20
2009.02.19 11:24:09.407,1.4908,1.491,7.00,1.20
2009.02.19 11:24:10.087,1.4908,1.491,8.80,1.20
2009.02.19 11:24:12.477,1.4908,1.491,7.00,1.20
2009.02.19 11:24:13.227,1.4909,1.4911,1.00,4.80
2009.02.19 11:24:13.516,1.4909,1.4911,9.00,1.20
2009.02.19 11:24:13.737,1.49095,1.4912,1.80,12.80
2009.02.19 11:24:16.656,1.4909,1.4911,8.80,1.20
2009.02.19 11:24:17.235,1.49085,1.4911,6.80,1.20
2009.02.19 11:24:18.655,1.49085,1.4911,2.00,1.20
2009.02.19 11:24:19.145,1.49085,1.4911,1.80,9.60
2009.02.19 11:24:19.535,1.4908,1.491,1.00,1.20
2009.02.19 11:24:19.865,1.4907,1.491,4.20,1.40
2009.02.19 11:24:20.275,1.4907,1.491,5.60,1.40
2009.02.19 11:24:20.455,1.4907,1.491,1.20,1.40
2009.02.19 11:24:20.915,1.4907,1.491,1.20,6.00
2009.02.19 11:24:21.195,1.49065,1.49085,2.60,1.20
2009.02.19 11:24:21.765,1.49065,1.49095,3.60,6.60
2009.02.19 11:24:22.005,1.4907,1.49105,1.20,6.00
2009.02.19 11:24:22.644,1.4907,1.49085,1.20,1.00
2009.02.19 11:24:22.874,1.49065,1.4909,1.80,32.00
2009.02.19 11:24:23.334,1.49065,1.4909,4.80,30.40
2009.02.19 11:24:23.904,1.4907,1.491,1.20,6.00
2009.02.19 11:24:24.374,1.49065,1.491,7.60,6.00
2009.02.19 11:24:24.724,1.4906,1.49095,1.80,5.60
2009.02.19 11:24:25.214,1.49055,1.49095,4.00,5.60
2009.02.19 11:24:26.513,1.49055,1.49095,4.00,6.80
2009.02.19 11:24:27.503,1.49055,1.491,10.40,11.20
2009.02.19 11:24:27.953,1.4906,1.4909,1.20,4.80
2009.02.19 11:24:29.353,1.4906,1.4909,1.20,4.80
2009.02.19 11:24:31.262,1.4907,1.4909,1.00,4.80
2009.02.19 11:24:32.162,1.4907,1.49085,1.00,4.80
2009.02.19 11:24:32.452,1.4907,1.4908,1.00,1.20
2009.02.19 11:24:33.022,1.49055,1.4908,7.20,1.20
2009.02.19 11:24:34.751,1.49055,1.4908,7.00,6.00
2009.02.19 11:24:34.931,1.49055,1.4908,7.00,7.80
2009.02.19 11:24:35.561,1.49055,1.4908,7.00,16.00
2009.02.19 11:24:36.001,1.49055,1.49075,2.20,4.80
2009.02.19 11:24:36.181,1.4906,1.4907,1.00,1.20
2009.02.19 11:24:37.261,1.49055,1.4907,1.00,1.20
2009.02.19 11:24:37.910,1.49045,1.4907,7.20,1.20
2009.02.19 11:24:39.940,1.4905,1.4907,1.00,6.00
2009.02.19 11:24:41.300,1.49045,1.4907,2.80,1.40
2009.02.19 11:24:42.250,1.4905,1.4907,1.00,1.40
2009.02.19 11:24:42.599,1.4905,1.4907,1.00,6.00
2009.02.19 11:24:43.389,1.49045,1.4906,1.00,1.20
2009.02.19 11:24:44.069,1.49035,1.49065,12.80,4.80
2009.02.19 11:24:44.589,1.4904,1.4907,1.20,6.00
2009.02.19 11:24:44.999,1.4904,1.4906,1.20,4.80
2009.02.19 11:24:45.419,1.49035,1.4906,8.60,28.80
2009.02.19 11:24:45.808,1.4904,1.4906,1.20,1.00
2009.02.19 11:24:46.199,1.4904,1.4907,1.20,6.00
2009.02.19 11:24:46.719,1.4905,1.4907,1.00,6.00
2009.02.19 11:24:48.468,1.49045,1.4907,1.00,6.00
2009.02.19 11:24:48.928,1.4904,1.4907,1.20,6.00
2009.02.19 11:25:04.944,1.4904,1.4907,1.00,8.40
2009.02.19 11:25:09.433,1.49035,1.49055,1.00,4.80
2009.02.19 11:25:09.543,1.49025,1.49055,15.60,4.80
2009.02.19 11:25:09.843,1.4904,1.49055,1.00,4.80
2009.02.19 11:25:10.353,1.4904,1.4907,1.00,11.20
2009.02.19 11:25:10.473,1.4904,1.4907,1.00,8.40
2009.02.19 11:25:11.752,1.4904,1.4907,1.00,7.40
2009.02.19 11:25:12.252,1.4904,1.4907,1.00,8.40
2009.02.19 11:25:15.762,1.4905,1.4907,1.00,8.40
2009.02.19 11:25:15.821,1.4905,1.4907,1.00,6.00
2009.02.19 11:25:19.701,1.4905,1.4908,1.00,13.20
2009.02.19 11:25:20.120,1.4905,1.4908,1.00,7.60
2009.02.19 11:25:20.360,1.49045,1.49085,2.20,1.20
2009.02.19 11:25:20.930,1.49045,1.4909,2.20,2.20
2009.02.19 11:25:21.390,1.4906,1.4909,1.00,6.20
2009.02.19 11:25:21.780,1.4906,1.4909,1.00,7.60
2009.02.19 11:25:22.000,1.4906,1.4909,1.00,7.40
2009.02.19 11:25:25.169,1.4906,1.4909,1.00,7.40
2009.02.19 11:25:25.339,1.4906,1.4909,1.00,4.80
2009.02.19 11:25:26.139,1.4906,1.491,2.60,11.20
2009.02.19 11:25:26.729,1.4906,1.49095,2.40,1.40
2009.02.19 11:25:26.959,1.4906,1.49095,1.00,1.40
2009.02.19 11:25:28.098,1.49055,1.49095,6.80,1.40
2009.02.19 11:25:28.588,1.4907,1.49095,1.00,1.20
2009.02.19 11:25:28.708,1.4907,1.491,1.20,6.00
2009.02.19 11:25:30.268,1.4907,1.491,1.20,6.20
2009.02.19 11:25:30.448,1.4907,1.49095,1.00,6.80
2009.02.19 11:25:31.208,1.4907,1.49095,1.00,7.80
2009.02.19 11:25:31.888,1.4907,1.4909,1.00,1.20
2009.02.19 11:25:32.987,1.4907,1.4909,1.00,6.00
2009.02.19 11:25:33.447,1.4907,1.4909,1.00,6.20
2009.02.19 11:25:40.685,1.4907,1.4908,1.00,1.40
2009.02.19 11:25:40.735,1.4906,1.49065,1.00,1.20
2009.02.19 11:25:40.786,1.4906,1.49065,1.00,1.20
2009.02.19 11:25:41.115,1.4906,1.4907,1.00,6.40
2009.02.19 11:25:41.166,1.4906,1.4907,1.00,1.60
2009.02.19 11:25:41.445,1.4906,1.4909,1.00,1.20
2009.02.19 11:25:41.685,1.4906,1.49095,1.00,7.00
2009.02.19 11:25:42.245,1.4906,1.49095,1.00,6.00
2009.02.19 11:25:51.873,1.4906,1.4908,1.00,1.00
2009.02.19 11:25:52.112,1.4906,1.49085,1.00,1.40
2009.02.19 11:25:52.383,1.4906,1.4909,1.00,9.00
2009.02.19 11:25:52.552,1.4906,1.4909,1.00,6.20
2009.02.19 11:26:05.349,1.4906,1.4908,1.00,1.00
2009.02.19 11:26:05.460,1.4906,1.4909,1.00,9.00
2009.02.19 11:26:05.741,1.4906,1.4909,1.00,6.20
2009.02.19 11:26:12.658,1.4906,1.4909,1.00,6.00
2009.02.19 11:26:13.008,1.4906,1.49095,1.00,4.00
2009.02.19 11:26:13.547,1.49065,1.49085,1.00,6.80
2009.02.19 11:26:13.827,1.4907,1.4909,1.00,2.80
2009.02.19 11:26:14.117,1.4907,1.491,1.00,1.20
2009.02.19 11:26:15.437,1.4907,1.491,1.00,1.20
2009.02.19 11:26:15.547,1.4907,1.49105,1.20,1.20
2009.02.19 11:26:15.667,1.4907,1.4911,2.00,8.40
2009.02.19 11:26:16.467,1.4908,1.4911,1.00,8.40
2009.02.19 11:26:16.987,1.4908,1.4911,1.00,8.40
2009.02.19 11:26:17.327,1.4908,1.4911,1.20,6.00
2009.02.19 11:26:17.606,1.4908,1.4911,1.00,7.40
2009.02.19 11:26:36.692,1.4909,1.4911,1.00,7.40
2009.02.19 11:26:37.022,1.4908,1.4911,1.00,7.40
2009.02.19 11:26:38.791,1.4909,1.4911,1.00,7.40
2009.02.19 11:26:39.131,1.4909,1.4911,1.00,6.00
2009.02.19 11:26:40.611,1.49085,1.4911,1.00,6.00
2009.02.19 11:26:41.141,1.4908,1.49105,1.00,1.20
2009.02.19 11:26:41.431,1.4908,1.4911,1.00,7.40
2009.02.19 11:26:48.789,1.4909,1.49115,1.00,9.60
2009.02.19 11:26:49.199,1.4909,1.4912,1.00,5.20
2009.02.19 11:26:50.529,1.4909,1.49115,1.00,2.80
2009.02.19 11:26:50.649,1.4909,1.4912,1.00,2.20
2009.02.19 11:26:50.948,1.4909,1.4912,1.00,1.40
2009.02.19 11:26:52.418,1.4909,1.4912,1.00,6.00
2009.02.19 11:26:52.988,1.4909,1.4912,1.00,1.40
2009.02.19 11:26:54.327,1.4909,1.49125,1.00,11.20
2009.02.19 11:26:54.688,1.4909,1.4912,1.00,1.40
2009.02.19 11:26:55.037,1.4909,1.49125,1.00,14.20
2009.02.19 11:26:55.267,1.4909,1.49125,1.00,11.20
2009.02.19 11:26:55.677,1.4909,1.4912,1.00,1.40
2009.02.19 11:26:56.137,1.4909,1.49125,1.00,10.20
2009.02.19 11:26:58.596,1.4909,1.4912,1.00,1.40
2009.02.19 11:27:00.666,1.4909,1.4912,1.00,6.20
2009.02.19 11:27:01.006,1.4909,1.4912,1.00,4.00
2009.02.19 11:27:01.356,1.4909,1.4912,1.00,2.80
2009.02.19 11:27:01.756,1.4909,1.49125,1.00,10.20
2009.02.19 11:27:05.295,1.4909,1.4912,1.00,1.40
2009.02.19 11:27:07.134,1.49085,1.4912,2.60,1.40
2009.02.19 11:27:07.694,1.49085,1.49125,2.60,10.20
2009.02.19 11:27:08.164,1.4909,1.49125,1.00,10.20
2009.02.19 11:27:08.894,1.4909,1.4912,1.00,1.40
2009.02.19 11:27:10.484,1.4909,1.49125,1.00,13.20
2009.02.19 11:27:10.704,1.4909,1.49125,1.00,10.20
2009.02.19 11:27:18.932,1.4909,1.4912,1.00,1.40
2009.02.19 11:27:19.891,1.4909,1.4912,1.00,6.20
2009.02.19 11:27:20.172,1.4909,1.4912,1.00,1.40
2009.02.19 11:27:21.651,1.4909,1.49115,1.00,1.20
2009.02.19 11:27:22.011,1.4909,1.4912,1.00,2.80
2009.02.19 11:27:22.401,1.4909,1.49125,1.00,10.20
2009.02.19 11:27:22.921,1.4909,1.4912,1.00,1.40
2009.02.19 11:27:24.580,1.4908,1.4912,1.80,1.40
2009.02.19 11:27:26.080,1.4908,1.49125,2.00,14.20
2009.02.19 11:27:26.190,1.49085,1.49125,5.60,14.20
2009.02.19 11:27:26.470,1.49085,1.49125,5.60,11.20
2009.02.19 11:27:26.640,1.49085,1.49125,7.40,10.00
2009.02.19 11:27:26.930,1.49085,1.49125,7.40,11.20
2009.02.19 11:27:28.210,1.49085,1.49125,5.60,11.20
2009.02.19 11:27:34.438,1.49085,1.4912,5.60,1.60
2009.02.19 11:27:35.118,1.49085,1.4912,5.60,4.00
2009.02.19 11:27:35.357,1.49085,1.4912,5.60,1.40
2009.02.19 11:27:36.377,1.49085,1.4912,5.60,2.20
2009.02.19 11:27:36.617,1.49085,1.4912,5.60,7.20
2009.02.19 11:27:36.857,1.49085,1.49115,5.60,4.80
2009.02.19 11:27:40.266,1.49085,1.49125,5.60,11.20
2009.02.19 11:27:40.686,1.49085,1.4912,5.60,1.40
2009.02.19 11:27:41.136,1.49085,1.4912,5.60,6.00
2009.02.19 11:27:42.116,1.491,1.4912,1.00,1.40
2009.02.19 11:27:42.386,1.491,1.49125,1.80,9.00
2009.02.19 11:27:42.776,1.49095,1.4912,5.60,4.80
2009.02.19 11:27:42.956,1.4908,1.4912,4.20,6.20
2009.02.19 11:27:43.836,1.49085,1.4912,2.00,1.40
2009.02.19 11:27:44.285,1.49085,1.49125,4.00,15.80
2009.02.19 11:27:45.715,1.491,1.49125,1.00,15.80
2009.02.19 11:27:46.045,1.491,1.4912,1.20,1.00
2009.02.19 11:27:46.725,1.491,1.4912,2.00,1.00
2009.02.19 11:27:59.402,1.4908,1.4912,4.20,7.60
2009.02.19 11:27:59.872,1.4908,1.4912,4.20,6.20
2009.02.19 11:28:00.742,1.49085,1.4912,5.60,4.80
2009.02.19 11:28:00.971,1.49085,1.4912,5.60,4.80
2009.02.19 11:28:02.541,1.49085,1.4911,5.60,4.80
2009.02.19 11:28:02.801,1.49085,1.4911,7.80,4.80
2009.02.19 11:28:03.311,1.49085,1.4912,7.80,6.20
2009.02.19 11:28:03.771,1.49085,1.4912,1.80,4.80
2009.02.19 11:28:04.271,1.4908,1.4912,1.20,7.40
2009.02.19 11:28:04.621,1.4908,1.4912,2.00,7.40
2009.02.19 11:28:06.140,1.4908,1.4912,2.00,8.40
2009.02.19 11:28:06.580,1.4908,1.4912,2.00,11.20
2009.02.19 11:28:07.840,1.4908,1.4912,2.00,8.40
2009.02.19 11:28:09.210,1.4908,1.4912,2.00,7.40
2009.02.19 11:28:09.749,1.4908,1.4912,2.00,1.60
2009.02.19 11:28:10.029,1.49085,1.49125,5.60,11.20
2009.02.19 11:28:18.498,1.49085,1.49125,7.80,11.20
2009.02.19 11:28:18.837,1.49085,1.49125,9.60,1.20
2009.02.19 11:28:20.147,1.49085,1.4913,4.00,5.20
2009.02.19 11:28:20.377,1.49085,1.4913,4.00,2.20
2009.02.19 11:28:20.727,1.49085,1.49125,2.00,1.20
2009.02.19 11:28:21.137,1.49085,1.49125,2.00,1.40
2009.02.19 11:28:21.436,1.49085,1.4913,1.80,7.00
2009.02.19 11:28:21.547,1.4908,1.49125,4.40,1.20
2009.02.19 11:28:23.116,1.4909,1.49125,1.20,1.20
2009.02.19 11:28:23.326,1.4909,1.4913,1.20,10.00
2009.02.19 11:28:24.236,1.4909,1.4913,1.20,8.80
2009.02.19 11:28:24.576,1.4909,1.4913,2.40,1.20
2009.02.19 11:28:24.925,1.4909,1.49125,2.00,1.00
2009.02.19 11:28:25.406,1.4909,1.4912,2.40,1.20
2009.02.19 11:28:25.726,1.49095,1.4913,5.60,1.20
2009.02.19 11:28:26.006,1.49095,1.4913,5.60,7.00
2009.02.19 11:28:26.526,1.49095,1.4913,5.60,10.00
2009.02.19 11:28:31.444,1.49095,1.4913,5.60,10.00
2009.02.19 11:28:33.144,1.49095,1.4913,5.60,10.00
2009.02.19 11:28:33.384,1.49095,1.4913,5.60,8.60
2009.02.19 11:28:33.734,1.49095,1.4913,5.60,5.80
2009.02.19 11:28:35.333,1.49095,1.4913,7.80,1.20
2009.02.19 11:28:35.614,1.49095,1.49135,7.40,1.20
2009.02.19 11:28:36.063,1.49095,1.49135,5.60,2.20
2009.02.19 11:28:37.102,1.49095,1.4913,5.60,1.20
2009.02.19 11:28:37.332,1.49095,1.4913,5.60,8.40
2009.02.19 11:28:37.553,1.4909,1.4913,1.20,8.40
2009.02.19 11:28:37.902,1.4909,1.4913,2.00,8.40
2009.02.19 11:28:42.491,1.4909,1.4913,2.00,11.20
2009.02.19 11:28:42.792,1.4909,1.4913,1.20,11.20
2009.02.19 11:28:45.111,1.4909,1.4913,1.20,11.40
2009.02.19 11:28:45.341,1.4909,1.4913,2.00,11.20
2009.02.19 11:28:45.511,1.4909,1.49125,2.00,1.20
2009.02.19 11:28:45.781,1.4909,1.4912,1.20,4.80
2009.02.19 11:28:52.159,1.49085,1.49115,14.80,5.80
2009.02.19 11:28:52.329,1.49085,1.49115,13.00,5.80
2009.02.19 11:28:52.559,1.49085,1.49115,7.40,5.80
2009.02.19 11:28:53.629,1.49085,1.49105,7.40,1.00
2009.02.19 11:28:53.809,1.49085,1.49105,2.60,1.00
2009.02.19 11:28:54.308,1.49085,1.4911,2.60,4.80
2009.02.19 11:28:54.609,1.49085,1.49105,6.60,1.00
2009.02.19 11:28:55.068,1.49085,1.49115,6.60,4.80
2009.02.19 11:28:55.348,1.49085,1.4911,1.80,1.40
2009.02.19 11:28:55.858,1.49085,1.4911,1.80,6.20
2009.02.19 11:29:01.137,1.49085,1.4911,1.80,6.00
2009.02.19 11:29:01.307,1.49085,1.4911,1.80,1.40
2009.02.19 11:29:09.025,1.49085,1.4911,1.80,6.00
2009.02.19 11:29:09.315,1.4908,1.4911,1.20,6.20
2009.02.19 11:29:10.544,1.4908,1.4911,1.20,6.00
2009.02.19 11:29:13.264,1.4908,1.4911,1.20,6.20
2009.02.19 11:29:13.494,1.4908,1.4911,1.20,6.00
2009.02.19 11:29:15.173,1.4908,1.491,1.20,1.00
2009.02.19 11:29:15.574,1.49075,1.49105,9.20,4.80
2009.02.19 11:29:16.093,1.49075,1.49105,7.40,4.80
2009.02.19 11:29:16.383,1.49075,1.491,2.60,4.80
2009.02.19 11:29:16.793,1.49075,1.49105,1.80,9.60
2009.02.19 11:29:17.483,1.4907,1.491,2.40,4.80
2009.02.19 11:29:18.063,1.4906,1.491,4.40,7.40
2009.02.19 11:29:18.612,1.4906,1.491,4.40,6.00
2009.02.19 11:29:19.043,1.4906,1.491,4.40,7.40
2009.02.19 11:29:20.812,1.4906,1.491,2.20,7.40
2009.02.19 11:29:21.092,1.4906,1.491,1.80,7.40
2009.02.19 11:29:21.382,1.4906,1.49095,1.80,5.60
2009.02.19 11:29:22.182,1.4906,1.49095,4.00,5.60
2009.02.19 11:29:22.542,1.4906,1.49095,1.80,5.60
2009.02.19 11:29:23.822,1.4906,1.49095,2.00,5.60
2009.02.19 11:29:24.052,1.4906,1.491,4.20,6.00
2009.02.19 11:29:24.401,1.4906,1.491,4.20,7.40
2009.02.19 11:29:24.981,1.4906,1.491,6.40,7.40
2009.02.19 11:29:25.481,1.4906,1.491,4.20,7.40
2009.02.19 11:29:25.821,1.4906,1.491,6.40,7.40
2009.02.19 11:29:26.281,1.4906,1.491,4.40,7.40
2009.02.19 11:29:27.850,1.4906,1.491,4.20,7.40
2009.02.19 11:29:28.300,1.49055,1.49085,13.40,4.80
2009.02.19 11:29:28.410,1.4906,1.4909,1.00,19.20
2009.02.19 11:29:28.740,1.4906,1.4909,1.20,3.00
2009.02.19 11:29:28.900,1.4906,1.49095,1.20,2.80
2009.02.19 11:29:29.070,1.4906,1.491,2.00,7.40
2009.02.19 11:29:30.220,1.4906,1.4909,2.00,4.80
2009.02.19 11:29:30.630,1.4906,1.4909,1.20,4.80
2009.02.19 11:29:30.800,1.4906,1.4909,1.20,6.00
2009.02.19 11:29:49.005,1.49065,1.4909,1.80,6.00
2009.02.19 11:29:49.395,1.49065,1.4909,2.00,1.20
2009.02.19 11:29:50.165,1.4907,1.49095,9.80,1.60
2009.02.19 11:29:51.235,1.49075,1.49095,1.80,1.60
2009.02.19 11:29:51.965,1.49075,1.491,1.80,3.60
2009.02.19 11:29:52.315,1.49075,1.49095,13.00,1.00
2009.02.19 11:29:53.185,1.49085,1.49105,2.20,19.40
2009.02.19 11:29:53.594,1.4906,1.49095,5.00,4.80
2009.02.19 11:29:53.944,1.49055,1.49095,1.20,4.80
2009.02.19 11:29:55.004,1.49055,1.49085,11.20,4.80
2009.02.19 11:29:55.634,1.49055,1.49085,11.20,4.80
2009.02.19 11:29:57.223,1.49055,1.49075,11.20,1.00
2009.02.19 11:29:57.743,1.49065,1.491,5.60,4.80
2009.02.19 11:29:58.193,1.49065,1.49105,5.60,2.20
2009.02.19 11:29:58.533,1.49065,1.49105,5.60,1.40
2009.02.19 11:29:59.363,1.49065,1.49095,5.60,1.00
2009.02.19 11:29:59.823,1.49065,1.491,5.60,4.00
2009.02.19 11:30:00.293,1.49065,1.491,5.60,1.60
2009.02.19 11:30:00.633,1.49065,1.49105,7.40,11.80
2009.02.19 11:30:01.162,1.49065,1.49105,5.60,12.00
2009.02.19 11:30:01.712,1.49065,1.491,5.60,1.40
2009.02.19 11:30:02.052,1.49065,1.491,5.60,1.20
2009.02.19 11:30:03.622,1.49065,1.491,6.40,1.20
2009.02.19 11:30:03.732,1.49075,1.491,1.00,1.20
2009.02.19 11:30:03.902,1.49075,1.491,12.20,1.20
2009.02.19 11:30:04.282,1.49075,1.4909,13.00,1.00
2009.02.19 11:30:04.631,1.49075,1.4909,12.00,1.00
2009.02.19 11:30:05.031,1.49075,1.4909,12.20,1.00
2009.02.19 11:30:06.251,1.49075,1.4909,13.00,1.00
2009.02.19 11:30:08.351,1.49075,1.49095,8.20,5.60
2009.02.19 11:30:08.751,1.49075,1.4909,8.20,1.00
2009.02.19 11:30:09.091,1.49075,1.49105,12.20,10.60
2009.02.19 11:30:09.940,1.49075,1.49105,12.40,5.80
2009.02.19 11:30:10.230,1.4908,1.491,26.40,1.00
2009.02.19 11:30:10.650,1.4908,1.491,1.20,1.00
2009.02.19 11:30:13.529,1.4908,1.491,2.00,1.00
2009.02.19 11:30:18.208,1.49075,1.491,6.80,1.60
2009.02.19 11:30:24.597,1.49075,1.491,6.60,1.60
2009.02.19 11:30:24.817,1.49075,1.4909,6.60,1.00
2009.02.19 11:30:26.106,1.49075,1.4909,7.40,1.00
2009.02.19 11:30:28.296,1.49075,1.4909,2.60,1.00
2009.02.19 11:30:28.636,1.4907,1.49095,1.80,4.80
2009.02.19 11:30:28.995,1.4906,1.49095,1.60,5.80
2009.02.19 11:30:29.376,1.4906,1.49095,1.60,5.80
2009.02.19 11:30:30.135,1.4906,1.49095,1.60,5.80
2009.02.19 11:30:31.185,1.4907,1.49095,1.00,5.80
2009.02.19 11:30:31.295,1.4907,1.49095,1.00,4.80
2009.02.19 11:30:32.725,1.4907,1.49095,1.00,4.80
2009.02.19 11:30:33.025,1.4907,1.49095,1.00,4.80
2009.02.19 11:30:33.695,1.4907,1.49095,1.00,6.20
2009.02.19 11:30:34.155,1.4907,1.49095,1.00,7.00
2009.02.19 11:30:34.564,1.4907,1.49095,1.00,1.00
2009.02.19 11:30:35.024,1.49065,1.491,1.00,11.20
2009.02.19 11:30:35.264,1.4906,1.491,2.00,11.20
2009.02.19 11:30:35.564,1.4906,1.491,2.00,10.00
2009.02.19 11:30:36.124,1.4906,1.491,2.00,11.20
2009.02.19 11:30:36.704,1.4906,1.491,2.00,10.00
2009.02.19 11:30:38.273,1.4906,1.491,2.00,11.20
2009.02.19 11:30:39.183,1.4906,1.49095,2.00,4.80
2009.02.19 11:30:39.523,1.4906,1.49095,2.00,5.80
2009.02.19 11:30:39.913,1.4906,1.49095,1.20,5.80
2009.02.19 11:30:46.272,1.4906,1.4909,1.20,1.20
2009.02.19 11:30:46.801,1.49055,1.49085,2.00,9.60
2009.02.19 11:30:47.031,1.49055,1.49085,11.20,5.80
2009.02.19 11:30:47.371,1.4906,1.4908,1.00,4.80
2009.02.19 11:30:47.821,1.4905,1.49065,2.40,1.00
2009.02.19 11:30:48.271,1.4905,1.4908,2.80,6.00
2009.02.19 11:30:48.831,1.49055,1.4908,1.20,1.40
2009.02.19 11:30:49.061,1.49055,1.4908,1.60,1.20
2009.02.19 11:30:49.571,1.4906,1.49085,1.00,5.20
2009.02.19 11:30:49.861,1.4906,1.4909,1.20,7.00
2009.02.19 11:30:50.151,1.4906,1.4909,1.20,6.00
2009.02.19 11:30:50.330,1.49055,1.4909,11.20,6.00
2009.02.19 11:30:50.681,1.4906,1.4908,1.00,4.80
2009.02.19 11:30:51.040,1.49055,1.4908,12.00,4.80
2009.02.19 11:30:52.140,1.49055,1.4907,12.00,1.00
2009.02.19 11:30:52.680,1.4905,1.49075,1.00,4.80
2009.02.19 11:30:53.250,1.4905,1.4908,1.20,7.00
2009.02.19 11:30:53.550,1.4905,1.4908,1.20,6.00
2009.02.19 11:30:54.649,1.4905,1.4908,1.20,7.60
2009.02.19 11:30:55.109,1.49045,1.49075,7.60,4.80
2009.02.19 11:30:55.769,1.49045,1.49075,6.80,4.80
2009.02.19 11:30:55.939,1.49045,1.4907,6.80,1.40
2009.02.19 11:30:56.229,1.49045,1.49055,6.80,1.00
2009.02.19 11:30:57.039,1.49045,1.49065,6.80,1.00
2009.02.19 11:30:57.389,1.49045,1.49075,9.40,4.80
2009.02.19 11:30:57.739,1.4905,1.4908,1.20,6.00
2009.02.19 11:31:00.248,1.49045,1.4907,7.40,37.00
2009.02.19 11:31:00.418,1.4905,1.4907,1.00,33.80
2009.02.19 11:31:00.818,1.4905,1.4907,1.20,33.80
2009.02.19 11:31:00.988,1.4905,1.4908,1.20,6.00
2009.02.19 11:31:02.148,1.4905,1.4907,1.20,1.00
2009.02.19 11:31:02.317,1.4905,1.4907,1.00,1.40
2009.02.19 11:31:02.667,1.49045,1.4907,2.00,1.40
2009.02.19 11:31:11.125,1.49045,1.4907,2.00,1.20
2009.02.19 11:31:11.855,1.49045,1.4907,2.00,1.40
2009.02.19 11:31:12.205,1.49045,1.4907,2.00,1.20
2009.02.19 11:31:17.984,1.49045,1.4907,1.80,6.00
2009.02.19 11:31:18.464,1.49045,1.4907,2.00,1.40
2009.02.19 11:31:18.814,1.49045,1.4907,2.00,1.20
2009.02.19 11:31:20.463,1.49045,1.4907,2.00,1.40
2009.02.19 11:31:21.113,1.49045,1.4907,2.00,1.20
2009.02.19 11:31:21.963,1.49045,1.49075,7.60,4.80
2009.02.19 11:31:22.353,1.4905,1.4908,1.20,6.20
2009.02.19 11:31:24.392,1.4906,1.4908,1.00,6.20
2009.02.19 11:31:24.562,1.4906,1.49075,4.00,1.00
2009.02.19 11:31:24.682,1.4906,1.49075,2.60,1.00
2009.02.19 11:31:24.842,1.49055,1.4908,4.80,4.80
2009.02.19 11:31:25.242,1.4905,1.4908,1.20,4.80
2009.02.19 11:31:26.392,1.49045,1.49075,13.20,4.80
2009.02.19 11:31:27.211,1.49045,1.49075,13.20,4.80
2009.02.19 11:31:27.551,1.49045,1.4907,7.40,4.80
2009.02.19 11:31:27.941,1.49045,1.4907,6.60,4.80
2009.02.19 11:31:29.111,1.49045,1.4907,6.60,6.20
2009.02.19 11:31:29.441,1.4904,1.49065,1.80,5.80
2009.02.19 11:31:29.961,1.49035,1.49065,7.40,5.80
2009.02.19 11:31:30.191,1.4903,1.49055,2.60,4.80
2009.02.19 11:31:30.431,1.4903,1.4906,1.00,8.80
2009.02.19 11:31:30.651,1.4903,1.4906,1.20,5.80
2009.02.19 11:31:32.500,1.4903,1.49045,1.20,1.00
2009.02.19 11:31:32.770,1.4903,1.49045,1.00,1.00
2009.02.19 11:31:32.821,1.49025,1.4905,8.40,4.80
2009.02.19 11:31:33.220,1.49025,1.49045,2.00,1.00
2009.02.19 11:31:33.670,1.4903,1.49065,1.20,5.80
2009.02.19 11:31:34.010,1.49025,1.4906,12.20,4.80
2009.02.19 11:31:34.410,1.49025,1.4906,6.60,4.80
2009.02.19 11:31:34.591,1.49025,1.4906,6.60,5.80
2009.02.19 11:31:34.950,1.49025,1.49045,7.40,1.00
2009.02.19 11:31:35.220,1.49025,1.49055,7.40,7.20
2009.02.19 11:31:35.919,1.49025,1.49055,1.80,15.00
2009.02.19 11:31:36.200,1.49025,1.49055,13.00,7.00
2009.02.19 11:31:36.879,1.49025,1.49055,10.00,10.60
2009.02.19 11:31:37.209,1.49025,1.49055,9.20,10.60
2009.02.19 11:31:37.629,1.49025,1.49055,13.00,5.80
2009.02.19 11:31:39.998,1.49025,1.4904,12.20,1.00
2009.02.19 11:31:40.268,1.49025,1.4904,7.40,1.00
2009.02.19 11:31:40.828,1.49025,1.4904,1.80,1.00
2009.02.19 11:31:41.798,1.49025,1.49045,1.80,1.00
2009.02.19 11:31:42.098,1.49025,1.49045,13.00,1.00
2009.02.19 11:31:43.068,1.4903,1.49045,1.40,1.00
2009.02.19 11:31:43.797,1.4903,1.4906,1.40,7.00
2009.02.19 11:31:44.648,1.4904,1.4907,1.20,2.80
2009.02.19 11:31:45.107,1.4905,1.4908,1.00,10.00
2009.02.19 11:31:45.497,1.49045,1.49075,5.60,1.00
2009.02.19 11:31:46.257,1.49035,1.49075,1.80,1.00
2009.02.19 11:31:48.427,1.4903,1.4907,2.20,1.20
2009.02.19 11:31:48.766,1.4903,1.4907,2.00,5.20
2009.02.19 11:31:48.996,1.49035,1.4907,1.80,7.60
2009.02.19 11:31:49.346,1.49035,1.49075,1.80,9.40
2009.02.19 11:31:49.586,1.49035,1.49075,1.80,1.00
2009.02.19 11:31:50.436,1.49035,1.4908,1.80,5.20
2009.02.19 11:31:51.206,1.4904,1.49065,1.80,1.00
2009.02.19 11:31:51.566,1.4904,1.4907,1.20,5.80
2009.02.19 11:31:53.415,1.4904,1.4906,1.20,1.00
2009.02.19 11:31:54.385,1.4904,1.4907,1.20,5.80
2009.02.19 11:31:54.845,1.4904,1.4907,1.20,5.80
2009.02.19 11:31:56.905,1.4904,1.4907,1.60,5.80
2009.02.19 11:31:57.084,1.49055,1.49075,1.60,1.20
2009.02.19 11:31:57.314,1.49055,1.4908,1.00,7.00
2009.02.19 11:31:57.484,1.49045,1.49075,12.20,5.80
2009.02.19 11:31:57.814,1.49045,1.49075,1.80,10.60
2009.02.19 11:31:58.164,1.4904,1.4907,2.00,6.00
2009.02.19 11:31:58.624,1.49045,1.4907,1.60,1.20
2009.02.19 11:31:58.984,1.49045,1.4907,2.00,1.20
2009.02.19 11:31:59.274,1.4905,1.4907,1.80,1.20
2009.02.19 11:31:59.444,1.4905,1.4907,1.80,6.00
2009.02.19 11:31:59.834,1.4904,1.4907,2.00,6.00
2009.02.19 11:32:01.323,1.49045,1.4907,2.00,1.20
2009.02.19 11:32:01.673,1.4905,1.4907,1.80,1.20
2009.02.19 11:32:02.773,1.49045,1.4907,12.40,1.20
2009.02.19 11:32:03.053,1.4906,1.4908,2.00,5.60
2009.02.19 11:32:03.503,1.49065,1.4909,1.80,9.60
2009.02.19 11:32:07.962,1.49065,1.4909,3.60,9.60
2009.02.19 11:32:08.202,1.49065,1.4909,3.60,8.20
2009.02.19 11:32:08.532,1.49065,1.4909,14.80,4.80
2009.02.19 11:32:09.061,1.4907,1.49105,1.20,15.00
2009.02.19 11:32:09.212,1.4907,1.49105,1.20,14.80
2009.02.19 11:32:09.961,1.4907,1.49105,1.20,15.00
2009.02.19 11:32:10.071,1.4907,1.49105,1.20,16.20
2009.02.19 11:32:10.251,1.49065,1.49095,1.80,1.20
2009.02.19 11:32:10.431,1.4906,1.4908,2.20,1.00
2009.02.19 11:32:10.841,1.4906,1.49065,1.80,4.80
2009.02.19 11:32:11.131,1.49025,1.4907,1.80,8.20
2009.02.19 11:32:11.431,1.4903,1.4907,1.00,3.40
2009.02.19 11:32:11.761,1.4903,1.4907,1.20,3.20
2009.02.19 11:32:11.881,1.4903,1.4907,9.80,4.80
2009.02.19 11:32:12.161,1.49045,1.49075,3.00,12.40
2009.02.19 11:32:12.911,1.4903,1.4907,2.00,10.00
2009.02.19 11:32:16.910,1.4903,1.49055,1.80,4.80
2009.02.19 11:32:17.079,1.4903,1.49055,1.80,6.40
2009.02.19 11:32:17.370,1.4903,1.49055,1.20,1.60
2009.02.19 11:32:17.540,1.4903,1.49065,2.00,11.40
2009.02.19 11:32:17.709,1.4903,1.49065,2.00,1.20
2009.02.19 11:32:21.589,1.4903,1.49065,1.20,1.20
2009.02.19 11:32:22.049,1.4903,1.49065,2.00,1.20
2009.02.19 11:32:22.458,1.4903,1.49065,1.20,1.20
2009.02.19 11:32:23.188,1.4903,1.49065,2.40,1.20
2009.02.19 11:32:23.528,1.4903,1.49065,1.20,1.20
2009.02.19 11:32:26.887,1.4903,1.4906,1.20,1.00
2009.02.19 11:32:27.057,1.4903,1.4906,1.20,6.00
2009.02.19 11:32:30.326,1.4903,1.49045,1.00,1.60
2009.02.19 11:32:31.416,1.4903,1.4905,1.20,1.60
2009.02.19 11:32:31.766,1.4903,1.4906,1.20,6.00
2009.02.19 11:32:33.346,1.49025,1.49055,14.20,4.80
2009.02.19 11:32:33.685,1.49025,1.49055,6.80,4.80
2009.02.19 11:32:34.025,1.49025,1.4905,6.80,1.20
2009.02.19 11:32:35.825,1.49025,1.4905,7.60,1.20
2009.02.19 11:32:36.065,1.4904,1.4905,2.00,1.20
2009.02.19 11:32:36.225,1.4904,1.49055,3.00,1.60
2009.02.19 11:32:36.505,1.4904,1.4907,2.00,1.20
2009.02.19 11:32:39.424,1.49045,1.4907,3.00,2.20
2009.02.19 11:32:39.584,1.4904,1.4907,3.20,10.00
2009.02.19 11:32:39.754,1.4903,1.4907,1.20,11.20
2009.02.19 11:32:41.384,1.4903,1.4907,2.00,11.20
2009.02.19 11:32:42.623,1.4903,1.4906,2.00,4.80
2009.02.19 11:32:43.153,1.4903,1.49065,2.00,1.20
2009.02.19 11:32:43.733,1.4903,1.4907,2.00,10.00
2009.02.19 11:32:44.603,1.4903,1.4906,2.00,4.80
2009.02.19 11:32:44.823,1.4903,1.4906,1.20,6.00
2009.02.19 11:32:52.261,1.4903,1.4906,2.40,6.00
2009.02.19 11:32:52.641,1.4903,1.4906,1.20,6.00
2009.02.19 11:32:58.200,1.49025,1.49055,1.60,9.60
2009.02.19 11:32:58.529,1.49025,1.4905,1.80,16.00
2009.02.19 11:32:58.750,1.49025,1.4905,2.00,11.20
2009.02.19 11:32:58.860,1.49025,1.4905,2.00,2.80
2009.02.19 11:32:59.179,1.49025,1.4905,2.00,1.20
2009.02.19 11:33:01.999,1.49025,1.4905,1.80,1.20
2009.02.19 11:33:02.449,1.49025,1.49045,1.80,1.40
2009.02.19 11:33:02.738,1.4901,1.4903,5.00,6.00
2009.02.19 11:33:03.148,1.49,1.4903,2.40,6.00
2009.02.19 11:33:05.108,1.49,1.4903,2.20,1.00
2009.02.19 11:33:05.388,1.49,1.4904,4.20,6.00
2009.02.19 11:33:05.618,1.49,1.49025,4.00,4.80
2009.02.19 11:33:05.788,1.49,1.4901,2.00,1.20
2009.02.19 11:33:06.148,1.4899,1.4901,2.40,1.20
2009.02.19 11:33:06.317,1.48995,1.4903,5.00,1.40
2009.02.19 11:33:06.378,1.4899,1.4903,6.00,1.40
2009.02.19 11:33:07.897,1.4899,1.4902,4.20,1.40
2009.02.19 11:33:08.128,1.4899,1.4902,2.00,6.00
2009.02.19 11:33:09.507,1.49,1.4902,1.00,1.40
2009.02.19 11:33:10.497,1.4899,1.4902,3.80,6.00
2009.02.19 11:33:11.996,1.49,1.4902,2.20,6.00
2009.02.19 11:33:12.456,1.49,1.4902,2.20,1.40
2009.02.19 11:33:14.956,1.4899,1.4902,6.00,1.40
2009.02.19 11:33:15.285,1.49,1.4902,2.20,1.40
2009.02.19 11:33:16.985,1.48995,1.4902,2.40,1.40
2009.02.19 11:33:17.215,1.48995,1.49025,4.20,6.40
2009.02.19 11:33:17.385,1.48995,1.49035,4.20,7.20
2009.02.19 11:33:17.625,1.48995,1.49035,4.20,5.60
2009.02.19 11:33:17.795,1.49,1.4904,1.80,3.80
2009.02.19 11:33:18.825,1.48995,1.4904,1.80,5.20
2009.02.19 11:33:19.175,1.48995,1.4904,4.00,2.20
2009.02.19 11:33:23.353,1.49005,1.4904,1.80,1.20
2009.02.19 11:33:23.813,1.49005,1.49045,1.80,2.20
2009.02.19 11:33:24.693,1.49005,1.49045,1.80,1.20
2009.02.19 11:33:25.263,1.49,1.4904,2.40,1.20
2009.02.19 11:33:25.593,1.49,1.4904,5.00,1.20
2009.02.19 11:33:25.923,1.48995,1.4904,4.00,1.20
2009.02.19 11:33:26.732,1.48995,1.49025,4.00,1.00
2009.02.19 11:33:26.843,1.48995,1.4902,1.80,4.80
2009.02.19 11:33:26.962,1.4899,1.4902,2.00,4.80
2009.02.19 11:33:27.313,1.48995,1.4902,4.80,4.80
2009.02.19 11:33:27.373,1.49,1.49025,1.80,5.60
2009.02.19 11:33:27.892,1.48995,1.49025,6.80,5.60
2009.02.19 11:33:28.582,1.49005,1.49025,1.00,5.60
2009.02.19 11:33:28.932,1.49,1.49025,2.60,5.60
2009.02.19 11:33:29.492,1.48995,1.49025,5.20,5.60
2009.02.19 11:33:29.782,1.4899,1.49025,6.40,5.60
2009.02.19 11:33:30.062,1.48995,1.49035,4.00,1.20
2009.02.19 11:33:30.352,1.48995,1.4904,4.20,1.40
2009.02.19 11:33:30.591,1.49,1.49045,1.80,7.00
2009.02.19 11:33:35.570,1.49,1.4902,1.80,4.80
2009.02.19 11:33:35.790,1.49,1.4902,1.80,5.20
2009.02.19 11:33:36.570,1.4899,1.49015,2.00,1.60
2009.02.19 11:33:36.630,1.48995,1.49045,1.80,1.20
2009.02.19 11:33:37.450,1.48995,1.49045,1.80,5.80
2009.02.19 11:33:37.980,1.48995,1.49035,2.20,5.80
2009.02.19 11:33:38.160,1.49,1.49035,1.80,1.20
2009.02.19 11:33:38.620,1.49,1.4904,1.80,1.00
2009.02.19 11:33:38.900,1.49,1.4904,1.80,1.20
2009.02.19 11:33:39.830,1.49,1.4904,1.80,5.80
2009.02.19 11:33:40.129,1.48995,1.4904,1.80,8.40
2009.02.19 11:33:43.069,1.49,1.49015,1.80,4.80
2009.02.19 11:33:43.509,1.48975,1.49025,4.20,1.20
2009.02.19 11:33:43.849,1.48985,1.49035,1.80,1.00
2009.02.19 11:33:43.959,1.4898,1.4904,4.00,2.40
