2009.02.11 16:00:02.066,1.49815,1.49845,4.60,8.20
2009.02.11 16:00:02.686,1.49815,1.49845,5.00,8.20
2009.02.11 16:00:03.066,1.4982,1.49845,1.80,6.60
2009.02.11 16:00:03.486,1.4982,1.49845,1.80,4.80
2009.02.11 16:00:03.826,1.49815,1.4985,3.00,7.60
2009.02.11 16:00:04.295,1.49815,1.49845,1.00,1.80
2009.02.11 16:00:04.936,1.49815,1.49845,3.20,6.60
2009.02.11 16:00:05.405,1.49805,1.4984,7.00,1.80
2009.02.11 16:00:05.655,1.49805,1.4984,2.20,1.80
2009.02.11 16:00:06.505,1.4981,1.4983,1.20,4.80
2009.02.11 16:00:06.955,1.49805,1.4983,1.00,6.60
2009.02.11 16:00:08.705,1.49805,1.4983,1.00,4.80
2009.02.11 16:00:09.404,1.49815,1.4983,1.00,4.80
2009.02.11 16:00:09.735,1.49815,1.4983,1.00,6.60
2009.02.11 16:00:11.064,1.49815,1.49825,1.00,4.80
2009.02.11 16:00:11.394,1.4979,1.49825,6.60,6.60
2009.02.11 16:00:12.254,1.49795,1.4983,1.80,6.60
2009.02.11 16:00:12.644,1.49805,1.4983,2.80,4.80
2009.02.11 16:00:13.043,1.49805,1.4983,2.20,4.80
2009.02.11 16:00:13.443,1.49805,1.4983,2.20,6.60
2009.02.11 16:00:15.513,1.49805,1.4983,2.20,7.00
2009.02.11 16:00:15.793,1.498,1.49815,4.20,1.60
2009.02.11 16:00:16.213,1.49795,1.49815,6.20,1.60
2009.02.11 16:00:16.573,1.49795,1.4982,1.40,9.80
2009.02.11 16:00:17.783,1.4979,1.49815,9.40,1.60
2009.02.11 16:00:18.402,1.498,1.49805,1.80,1.80
2009.02.11 16:00:18.962,1.498,1.4981,1.00,1.80
2009.02.11 16:00:19.372,1.49785,1.49815,4.60,1.80
2009.02.11 16:00:20.572,1.49785,1.498,4.60,1.60
2009.02.11 16:00:20.972,1.49785,1.498,1.20,4.80
2009.02.11 16:00:21.321,1.49785,1.4981,1.20,6.60
2009.02.11 16:00:21.541,1.49785,1.4981,1.20,1.80
2009.02.11 16:00:22.411,1.49785,1.498,1.20,4.80
2009.02.11 16:00:22.761,1.49785,1.4981,8.40,2.40
2009.02.11 16:00:23.061,1.49785,1.4981,5.60,1.80
2009.02.11 16:00:23.591,1.49775,1.4981,2.60,6.60
2009.02.11 16:00:23.981,1.49775,1.49795,1.20,1.80
2009.02.11 16:00:24.861,1.49775,1.498,1.20,1.80
2009.02.11 16:00:25.450,1.49775,1.4979,1.20,1.80
2009.02.11 16:00:26.640,1.49775,1.49795,1.20,1.80
2009.02.11 16:00:27.090,1.49775,1.498,3.20,1.80
2009.02.11 16:00:28.180,1.49785,1.498,1.80,1.80
2009.02.11 16:00:28.640,1.4978,1.49805,1.80,6.40
2009.02.11 16:00:28.930,1.49785,1.4981,7.20,9.80
2009.02.11 16:00:29.280,1.49795,1.49825,5.00,3.20
2009.02.11 16:00:30.219,1.498,1.49825,1.20,3.20
2009.02.11 16:00:31.129,1.49795,1.49825,11.80,3.20
2009.02.11 16:00:31.519,1.49795,1.4982,5.00,1.80
2009.02.11 16:00:32.099,1.49795,1.49825,5.00,5.00
2009.02.11 16:00:32.739,1.49805,1.49825,1.80,3.20
2009.02.11 16:00:33.248,1.49805,1.4983,3.20,1.80
2009.02.11 16:00:33.588,1.49795,1.4982,14.80,4.80
2009.02.11 16:00:33.878,1.49795,1.4982,9.20,4.80
2009.02.11 16:00:34.218,1.49795,1.4982,7.80,4.80
2009.02.11 16:00:35.019,1.49805,1.4983,1.60,1.80
2009.02.11 16:00:35.299,1.4981,1.4984,1.20,6.60
2009.02.11 16:00:35.778,1.49805,1.49835,4.20,1.80
2009.02.11 16:00:36.108,1.49805,1.49835,7.60,1.80
2009.02.11 16:00:36.808,1.49805,1.49835,2.80,1.80
2009.02.11 16:00:37.478,1.49805,1.49835,6.00,1.80
2009.02.11 16:00:37.878,1.49805,1.4984,6.00,6.60
2009.02.11 16:00:38.337,1.49805,1.49835,6.00,4.80
2009.02.11 16:00:39.477,1.49815,1.49845,1.80,6.60
2009.02.11 16:00:39.868,1.49805,1.4984,13.80,1.80
2009.02.11 16:00:40.207,1.4981,1.4984,1.20,1.80
2009.02.11 16:00:40.707,1.4981,1.49845,1.20,6.60
2009.02.11 16:00:42.306,1.49815,1.49845,2.40,6.60
2009.02.11 16:00:42.687,1.49815,1.49835,2.40,1.80
2009.02.11 16:00:44.086,1.49815,1.4984,2.40,1.80
2009.02.11 16:00:45.886,1.49815,1.49835,2.40,1.80
2009.02.11 16:00:46.586,1.49815,1.4984,2.40,1.80
2009.02.11 16:00:47.495,1.49815,1.4984,1.20,1.80
2009.02.11 16:00:47.825,1.49815,1.49845,1.20,7.60
2009.02.11 16:00:48.165,1.49815,1.4984,1.20,1.80
2009.02.11 16:00:48.735,1.49815,1.4984,1.20,2.80
2009.02.11 16:00:49.205,1.49815,1.4984,6.00,2.80
2009.02.11 16:00:49.705,1.49815,1.49835,1.20,1.80
2009.02.11 16:00:52.954,1.49815,1.49835,1.20,2.80
2009.02.11 16:00:53.704,1.498,1.49835,1.20,1.80
2009.02.11 16:00:54.113,1.49805,1.4983,2.80,4.80
2009.02.11 16:00:54.513,1.49805,1.49825,1.20,1.60
2009.02.11 16:00:54.993,1.498,1.4982,2.80,4.80
2009.02.11 16:00:55.204,1.49795,1.4982,2.40,4.80
2009.02.11 16:00:55.433,1.49795,1.49825,3.60,1.80
2009.02.11 16:00:55.784,1.49795,1.4983,5.00,6.60
2009.02.11 16:00:56.123,1.49795,1.4983,3.00,6.60
2009.02.11 16:00:56.403,1.49805,1.49825,3.40,1.80
2009.02.11 16:00:56.853,1.49805,1.49835,3.40,13.00
2009.02.11 16:00:57.153,1.49805,1.4983,1.40,6.40
2009.02.11 16:00:57.533,1.498,1.49825,3.20,1.60
2009.02.11 16:00:57.823,1.49795,1.4982,4.60,1.80
2009.02.11 16:00:58.273,1.49795,1.49825,4.60,6.40
2009.02.11 16:00:58.632,1.49795,1.4982,1.40,6.40
2009.02.11 16:00:59.022,1.49795,1.4982,1.40,9.80
2009.02.11 16:01:00.672,1.49795,1.4982,1.40,8.20
2009.02.11 16:01:00.792,1.4979,1.49815,6.20,1.60
2009.02.11 16:01:01.033,1.49795,1.4982,1.40,8.20
2009.02.11 16:01:01.842,1.4979,1.4981,1.80,4.80
2009.02.11 16:01:02.072,1.49785,1.4981,4.80,4.80
2009.02.11 16:01:02.292,1.49775,1.4981,3.00,6.60
2009.02.11 16:01:02.851,1.4978,1.4981,1.20,4.80
2009.02.11 16:01:03.471,1.49775,1.49805,3.00,1.80
2009.02.11 16:01:03.811,1.49775,1.4981,5.20,1.80
2009.02.11 16:01:04.201,1.4978,1.4981,1.80,1.80
2009.02.11 16:01:04.561,1.49795,1.4982,1.80,1.80
2009.02.11 16:01:04.851,1.49795,1.49825,3.20,7.40
2009.02.11 16:01:05.241,1.49795,1.4983,4.40,6.60
2009.02.11 16:01:05.751,1.49795,1.4982,2.60,4.80
2009.02.11 16:01:06.091,1.49795,1.4982,1.20,6.60
2009.02.11 16:01:06.730,1.49795,1.49815,1.20,1.80
2009.02.11 16:01:07.241,1.49795,1.4982,1.00,1.80
2009.02.11 16:01:08.160,1.49795,1.49825,1.00,1.80
2009.02.11 16:01:08.630,1.49795,1.4983,1.80,7.60
2009.02.11 16:01:08.910,1.49795,1.4983,2.20,7.60
2009.02.11 16:01:10.250,1.49795,1.4983,2.20,6.60
2009.02.11 16:01:10.420,1.49795,1.4983,2.20,1.80
2009.02.11 16:01:10.650,1.498,1.49835,1.20,7.60
2009.02.11 16:01:10.760,1.498,1.49835,1.20,2.80
2009.02.11 16:01:11.689,1.49795,1.49825,6.40,1.80
2009.02.11 16:01:11.989,1.49795,1.4983,2.60,7.60
2009.02.11 16:01:12.379,1.49795,1.49825,1.40,1.80
2009.02.11 16:01:12.859,1.49795,1.49825,1.40,2.80
2009.02.11 16:01:14.148,1.49795,1.4982,1.40,1.80
2009.02.11 16:01:14.419,1.49795,1.49825,2.60,1.20
2009.02.11 16:01:15.388,1.49795,1.4983,2.60,7.60
2009.02.11 16:01:15.658,1.49795,1.4982,2.60,4.80
2009.02.11 16:01:16.348,1.49795,1.4982,1.40,6.60
2009.02.11 16:01:17.008,1.49795,1.49825,1.40,1.80
2009.02.11 16:01:17.188,1.49795,1.4983,2.60,1.80
2009.02.11 16:01:18.088,1.498,1.49835,1.20,2.80
2009.02.11 16:01:19.098,1.498,1.4983,1.20,4.80
2009.02.11 16:01:19.777,1.498,1.49835,1.20,2.80
2009.02.11 16:01:20.127,1.49805,1.49835,1.20,1.80
2009.02.11 16:01:20.307,1.49805,1.4984,1.80,2.80
2009.02.11 16:01:20.487,1.49805,1.49835,1.80,1.80
2009.02.11 16:01:20.957,1.49805,1.4984,1.80,2.80
2009.02.11 16:01:21.997,1.49805,1.49835,1.00,1.80
2009.02.11 16:01:22.337,1.49805,1.49835,2.40,1.80
2009.02.11 16:01:22.757,1.4981,1.4984,1.20,1.80
2009.02.11 16:01:23.706,1.4981,1.49845,1.20,14.00
2009.02.11 16:01:24.616,1.4981,1.49845,1.20,13.00
2009.02.11 16:01:25.076,1.49815,1.49845,1.80,8.20
2009.02.11 16:01:25.476,1.49815,1.49845,3.20,6.40
2009.02.11 16:01:25.816,1.49815,1.4985,3.20,6.60
2009.02.11 16:01:26.206,1.49815,1.4985,4.20,6.60
2009.02.11 16:01:26.556,1.4982,1.4985,1.20,6.60
2009.02.11 16:01:26.856,1.4983,1.4985,1.80,6.60
2009.02.11 16:01:27.196,1.4983,1.4985,1.80,4.80
2009.02.11 16:01:27.935,1.4982,1.49835,1.20,4.80
2009.02.11 16:01:28.525,1.49815,1.4984,1.80,6.40
2009.02.11 16:01:29.135,1.498,1.4983,3.20,4.80
2009.02.11 16:01:29.475,1.498,1.4982,1.80,4.80
2009.02.11 16:01:31.555,1.498,1.49835,3.20,7.40
2009.02.11 16:01:32.354,1.498,1.4983,3.20,4.80
2009.02.11 16:01:32.904,1.498,1.49815,1.00,1.80
2009.02.11 16:01:33.464,1.4979,1.4982,1.20,1.80
2009.02.11 16:01:34.274,1.4979,1.49825,1.20,1.80
2009.02.11 16:01:34.654,1.49785,1.4982,1.80,6.60
2009.02.11 16:01:35.174,1.49785,1.4982,1.80,1.80
2009.02.11 16:01:36.333,1.49785,1.4982,1.80,6.60
2009.02.11 16:01:36.753,1.49785,1.49815,1.80,1.80
2009.02.11 16:01:38.423,1.49785,1.4981,1.80,4.80
2009.02.11 16:01:38.723,1.49775,1.498,1.00,1.80
2009.02.11 16:01:39.023,1.49775,1.4981,1.40,6.60
2009.02.11 16:01:39.473,1.49775,1.49805,1.40,1.80
2009.02.11 16:01:39.883,1.49775,1.49805,1.00,1.80
2009.02.11 16:01:40.592,1.4978,1.49805,1.80,1.80
2009.02.11 16:01:40.892,1.4978,1.4981,1.80,6.60
2009.02.11 16:01:41.522,1.4978,1.49805,1.80,4.80
2009.02.11 16:01:42.572,1.49775,1.49805,3.40,4.80
2009.02.11 16:01:42.912,1.4977,1.49805,1.20,6.60
2009.02.11 16:01:43.612,1.4977,1.49805,1.20,7.60
2009.02.11 16:01:44.301,1.4977,1.498,1.20,1.80
2009.02.11 16:01:44.661,1.4977,1.49795,1.20,4.80
2009.02.11 16:01:45.162,1.49765,1.49795,2.00,4.80
2009.02.11 16:01:45.501,1.49765,1.49795,1.40,4.80
2009.02.11 16:01:45.831,1.49765,1.498,1.40,2.80
2009.02.11 16:01:46.191,1.49765,1.49795,1.00,6.60
2009.02.11 16:01:46.711,1.49765,1.49795,1.00,1.80
2009.02.11 16:01:47.291,1.49765,1.49795,1.00,2.00
2009.02.11 16:01:47.691,1.49765,1.49795,1.40,1.00
2009.02.11 16:01:48.050,1.4977,1.49795,1.20,1.00
2009.02.11 16:01:51.850,1.49765,1.49795,7.00,2.00
2009.02.11 16:01:52.309,1.49765,1.49795,1.00,6.80
2009.02.11 16:01:53.019,1.4977,1.49795,1.80,4.80
2009.02.11 16:01:53.789,1.4977,1.4979,1.80,4.80
2009.02.11 16:02:01.767,1.49775,1.4979,1.00,4.80
2009.02.11 16:02:07.626,1.49775,1.498,1.00,6.60
2009.02.11 16:02:07.866,1.49775,1.498,1.00,4.80
2009.02.11 16:02:08.345,1.49775,1.498,1.00,6.60
2009.02.11 16:02:11.435,1.4978,1.498,1.20,4.80
2009.02.11 16:02:11.615,1.4979,1.498,2.00,4.80
2009.02.11 16:02:12.125,1.4979,1.4981,1.80,6.60
2009.02.11 16:02:12.595,1.4979,1.49805,1.80,4.80
2009.02.11 16:02:12.935,1.4979,1.498,1.80,4.80
2009.02.11 16:02:13.334,1.4979,1.4981,3.20,4.80
2009.02.11 16:02:14.174,1.4979,1.4981,1.80,4.80
2009.02.11 16:02:16.364,1.4978,1.4981,4.40,4.80
2009.02.11 16:02:16.754,1.49775,1.49805,1.20,2.00
2009.02.11 16:02:17.143,1.4977,1.49805,3.20,2.00
2009.02.11 16:02:17.733,1.49765,1.49795,2.60,1.80
2009.02.11 16:02:18.003,1.4977,1.49805,3.20,2.00
2009.02.11 16:02:18.363,1.49775,1.49805,1.20,3.60
2009.02.11 16:02:18.834,1.49775,1.498,1.20,4.80
2009.02.11 16:02:19.233,1.49765,1.49795,2.00,2.00
2009.02.11 16:02:19.523,1.49765,1.49795,1.00,2.00
2009.02.11 16:02:21.193,1.49765,1.49795,2.20,2.00
2009.02.11 16:02:21.662,1.4977,1.49795,3.20,1.00
2009.02.11 16:02:24.652,1.4977,1.49795,1.80,2.00
2009.02.11 16:02:25.602,1.4977,1.49785,1.80,4.80
2009.02.11 16:02:26.342,1.4977,1.49785,1.80,4.80
2009.02.11 16:02:26.751,1.49775,1.49785,1.80,1.00
2009.02.11 16:02:27.451,1.4977,1.49785,1.80,1.00
2009.02.11 16:02:27.961,1.4977,1.4979,1.80,4.80
2009.02.11 16:02:31.700,1.4977,1.49795,1.80,1.00
2009.02.11 16:02:32.210,1.4977,1.49795,3.20,1.00
2009.02.11 16:02:32.790,1.49775,1.498,1.00,6.60
2009.02.11 16:02:33.289,1.49765,1.49785,1.20,1.00
2009.02.11 16:02:33.630,1.4976,1.49785,6.00,1.00
2009.02.11 16:02:34.150,1.4976,1.49785,1.20,1.00
2009.02.11 16:02:37.919,1.49755,1.49785,4.80,1.00
2009.02.11 16:02:38.319,1.4976,1.49785,1.20,1.00
2009.02.11 16:02:39.168,1.49765,1.49795,2.60,1.20
2009.02.11 16:02:39.688,1.49765,1.49795,2.60,3.20
2009.02.11 16:02:40.219,1.49765,1.49795,2.60,3.20
2009.02.11 16:02:40.808,1.49765,1.49795,2.60,4.20
2009.02.11 16:02:41.098,1.49765,1.49795,1.00,4.20
2009.02.11 16:02:42.147,1.4976,1.49785,1.20,1.40
2009.02.11 16:02:42.498,1.49755,1.4978,6.60,1.80
2009.02.11 16:02:42.837,1.49755,1.4978,1.20,1.80
2009.02.11 16:02:43.868,1.49755,1.4978,1.00,1.80
2009.02.11 16:02:44.347,1.49755,1.49775,1.00,1.80
2009.02.11 16:02:44.757,1.49755,1.4977,1.00,1.80
2009.02.11 16:02:44.997,1.49745,1.4977,1.20,1.80
2009.02.11 16:02:45.926,1.49745,1.49765,1.20,1.80
2009.02.11 16:02:46.336,1.49745,1.4976,1.40,1.80
2009.02.11 16:02:46.616,1.4975,1.49765,1.80,1.80
2009.02.11 16:02:46.997,1.4975,1.49775,1.80,7.60
2009.02.11 16:02:47.536,1.4975,1.49775,1.80,5.80
2009.02.11 16:02:48.006,1.4975,1.49775,1.80,7.60
2009.02.11 16:02:49.526,1.4975,1.49775,1.80,1.40
2009.02.11 16:02:50.136,1.4975,1.49775,3.20,1.20
2009.02.11 16:02:50.836,1.49765,1.49785,1.80,1.20
2009.02.11 16:02:52.165,1.49765,1.4979,1.00,4.80
2009.02.11 16:02:52.675,1.4977,1.49795,1.80,4.60
2009.02.11 16:02:53.015,1.4977,1.49795,1.80,1.20
2009.02.11 16:02:53.525,1.4977,1.49795,1.80,2.80
2009.02.11 16:02:54.994,1.4977,1.49795,1.80,1.20
2009.02.11 16:02:56.274,1.49775,1.498,1.00,6.60
2009.02.11 16:02:56.794,1.49775,1.498,2.40,6.60
2009.02.11 16:02:57.144,1.49775,1.498,3.40,6.60
2009.02.11 16:02:57.754,1.49775,1.498,1.40,4.80
2009.02.11 16:02:58.094,1.4978,1.498,1.80,4.80
2009.02.11 16:03:01.053,1.49775,1.4979,2.80,1.60
2009.02.11 16:03:01.863,1.49775,1.498,4.40,4.80
2009.02.11 16:03:02.552,1.49775,1.498,3.60,4.80
2009.02.11 16:03:02.993,1.49775,1.498,2.00,4.80
2009.02.11 16:03:03.402,1.49775,1.498,1.00,4.80
2009.02.11 16:03:04.652,1.49775,1.498,1.00,6.60
2009.02.11 16:03:04.932,1.49775,1.498,1.00,4.80
2009.02.11 16:03:05.392,1.4977,1.49795,1.80,1.40
2009.02.11 16:03:05.622,1.4977,1.49795,3.20,2.40
2009.02.11 16:03:06.501,1.4977,1.49795,3.20,7.20
2009.02.11 16:03:08.911,1.4977,1.498,3.20,4.80
2009.02.11 16:03:09.251,1.49775,1.498,1.00,4.80
2009.02.11 16:03:10.241,1.4977,1.49795,3.20,1.40
2009.02.11 16:03:10.980,1.4977,1.498,3.20,6.60
2009.02.11 16:03:11.362,1.4977,1.498,3.20,4.80
2009.02.11 16:03:12.400,1.4977,1.49795,3.20,1.40
2009.02.11 16:03:12.940,1.49775,1.498,1.00,4.80
2009.02.11 16:03:14.689,1.49775,1.498,1.00,4.80
2009.02.11 16:03:15.390,1.4978,1.498,1.80,4.80
2009.02.11 16:03:15.669,1.4979,1.49805,1.80,10.80
2009.02.11 16:03:16.429,1.4978,1.498,1.80,4.80
2009.02.11 16:03:17.099,1.49775,1.498,1.00,4.80
2009.02.11 16:03:18.029,1.4977,1.49795,3.20,1.40
2009.02.11 16:03:18.259,1.49775,1.498,1.00,4.80
2009.02.11 16:03:20.318,1.4978,1.498,1.80,4.80
2009.02.11 16:03:20.758,1.49775,1.498,1.00,4.80
2009.02.11 16:03:22.718,1.4977,1.49795,1.80,1.40
2009.02.11 16:03:23.117,1.4977,1.498,3.20,4.80
2009.02.11 16:03:25.167,1.4977,1.49795,3.20,1.40
2009.02.11 16:03:25.987,1.4977,1.498,3.20,4.80
2009.02.11 16:03:27.417,1.4977,1.49795,3.20,1.40
2009.02.11 16:03:28.866,1.4977,1.498,3.20,4.80
2009.02.11 16:03:29.336,1.4977,1.49805,3.20,3.40
2009.02.11 16:03:29.696,1.49775,1.49805,1.20,1.60
2009.02.11 16:03:31.346,1.49775,1.49795,1.20,1.40
2009.02.11 16:03:31.815,1.4977,1.49795,3.20,1.40
2009.02.11 16:03:33.825,1.4977,1.49795,1.80,1.40
2009.02.11 16:03:34.175,1.4977,1.49795,1.80,1.60
2009.02.11 16:03:34.805,1.4977,1.49795,3.20,1.60
2009.02.11 16:03:35.265,1.49775,1.498,1.00,4.80
2009.02.11 16:03:35.915,1.4978,1.498,1.80,4.80
2009.02.11 16:03:37.024,1.49775,1.498,1.00,4.80
2009.02.11 16:03:37.434,1.4977,1.49795,3.20,1.20
2009.02.11 16:03:37.794,1.4977,1.49795,3.20,5.80
2009.02.11 16:03:38.124,1.4977,1.49795,1.80,6.00
2009.02.11 16:03:38.524,1.4977,1.49795,3.20,1.20
2009.02.11 16:03:38.994,1.4977,1.49785,3.20,4.80
2009.02.11 16:03:39.353,1.4977,1.4979,1.80,1.80
2009.02.11 16:03:39.793,1.4977,1.49795,3.20,1.20
2009.02.11 16:03:42.323,1.4977,1.498,3.20,4.80
2009.02.11 16:03:43.072,1.49785,1.49805,1.80,7.60
2009.02.11 16:03:43.733,1.49775,1.498,1.80,4.80
2009.02.11 16:03:47.971,1.4978,1.49805,1.80,5.00
2009.02.11 16:03:48.371,1.4978,1.4981,3.20,6.60
2009.02.11 16:03:48.671,1.4978,1.49805,3.20,1.20
2009.02.11 16:03:49.421,1.4978,1.49805,3.20,1.40
2009.02.11 16:03:50.021,1.49785,1.4981,1.00,6.60
2009.02.11 16:03:50.421,1.4978,1.49805,3.20,1.20
2009.02.11 16:03:50.661,1.4978,1.49805,1.80,5.80
2009.02.11 16:03:51.171,1.4978,1.49805,1.80,6.00
2009.02.11 16:03:51.921,1.4978,1.49805,3.20,1.20
2009.02.11 16:03:53.710,1.4978,1.49805,1.80,1.20
2009.02.11 16:03:54.050,1.49775,1.49805,2.20,1.20
2009.02.11 16:03:54.270,1.49775,1.49805,1.40,3.00
2009.02.11 16:03:54.970,1.49775,1.49805,1.40,1.20
2009.02.11 16:03:55.380,1.49775,1.49805,1.40,3.00
2009.02.11 16:03:56.169,1.49775,1.49805,3.40,3.00
2009.02.11 16:03:56.639,1.49775,1.49805,3.40,1.20
2009.02.11 16:03:57.099,1.49775,1.49805,1.40,3.00
2009.02.11 16:03:57.889,1.49775,1.49805,1.00,3.00
2009.02.11 16:03:58.239,1.49775,1.49805,1.40,7.80
2009.02.11 16:03:58.649,1.4977,1.49795,3.20,1.20
2009.02.11 16:03:59.789,1.4977,1.49795,1.80,1.20
2009.02.11 16:04:00.189,1.4977,1.49795,1.80,6.00
2009.02.11 16:04:00.548,1.4977,1.49785,1.80,1.20
2009.02.11 16:04:01.258,1.4977,1.49785,1.80,2.00
2009.02.11 16:04:05.268,1.4977,1.49795,3.20,2.00
2009.02.11 16:04:05.737,1.4977,1.49795,1.80,2.00
2009.02.11 16:04:06.037,1.4977,1.49795,1.80,6.80
2009.02.11 16:04:06.497,1.4977,1.49795,1.80,2.00
2009.02.11 16:04:06.787,1.4977,1.49795,3.20,6.80
2009.02.11 16:04:07.367,1.4977,1.49795,1.80,2.00
2009.02.11 16:04:07.827,1.4977,1.49795,3.20,2.00
2009.02.11 16:04:09.716,1.4977,1.4979,1.80,6.60
2009.02.11 16:04:10.118,1.4977,1.49785,3.20,2.00
2009.02.11 16:04:10.536,1.4977,1.49785,1.80,1.00
2009.02.11 16:04:11.326,1.49765,1.4979,1.20,4.80
2009.02.11 16:04:11.776,1.49755,1.49785,1.40,1.80
2009.02.11 16:04:12.365,1.49755,1.49785,3.40,1.80
2009.02.11 16:04:12.655,1.49755,1.4979,1.40,7.60
2009.02.11 16:04:13.126,1.49755,1.49785,1.40,1.80
2009.02.11 16:04:13.525,1.49755,1.4978,1.20,4.80
2009.02.11 16:04:14.226,1.4975,1.4978,1.80,6.60
2009.02.11 16:04:14.575,1.4975,1.49775,3.20,1.00
2009.02.11 16:04:17.074,1.4975,1.4977,3.20,4.80
2009.02.11 16:04:17.346,1.4975,1.49765,3.20,1.00
2009.02.11 16:04:17.904,1.4975,1.49765,1.80,1.00
2009.02.11 16:04:18.904,1.4975,1.4977,1.80,4.80
2009.02.11 16:04:23.973,1.49755,1.49775,1.00,3.80
2009.02.11 16:04:24.373,1.49755,1.4978,1.00,6.60
2009.02.11 16:04:25.062,1.4975,1.4978,3.20,6.60
2009.02.11 16:04:26.212,1.4975,1.49775,3.20,1.00
2009.02.11 16:04:27.372,1.4975,1.4978,3.20,6.60
2009.02.11 16:04:27.882,1.4975,1.4978,1.80,6.60
2009.02.11 16:04:29.141,1.4975,1.4978,3.20,6.60
2009.02.11 16:04:30.351,1.49755,1.4978,1.00,4.80
2009.02.11 16:04:30.981,1.49765,1.4978,1.80,4.80
2009.02.11 16:04:31.461,1.49765,1.49795,1.80,1.80
2009.02.11 16:04:31.751,1.4976,1.49795,6.60,2.80
2009.02.11 16:04:32.211,1.49755,1.49785,6.20,1.80
2009.02.11 16:04:32.551,1.49755,1.49785,1.40,1.80
2009.02.11 16:04:33.481,1.49755,1.4979,1.40,7.60
2009.02.11 16:04:33.770,1.49755,1.49785,1.40,1.80
2009.02.11 16:04:36.460,1.49755,1.4978,1.40,4.80
2009.02.11 16:04:36.820,1.4975,1.4978,1.80,6.60
2009.02.11 16:04:37.380,1.4975,1.49765,1.80,4.80
2009.02.11 16:04:42.308,1.49745,1.49775,1.40,4.80
2009.02.11 16:04:42.928,1.49745,1.49765,3.40,1.80
2009.02.11 16:04:43.328,1.4973,1.4976,1.80,1.80
2009.02.11 16:04:44.358,1.4973,1.4976,3.20,1.80
2009.02.11 16:04:46.138,1.4973,1.49755,1.80,1.80
2009.02.11 16:04:46.477,1.4973,1.49755,1.80,6.60
2009.02.11 16:04:46.597,1.4973,1.4976,3.20,1.80
2009.02.11 16:04:46.887,1.4973,1.4976,1.80,1.80
2009.02.11 16:04:52.876,1.4973,1.4976,3.20,1.80
2009.02.11 16:04:55.175,1.4973,1.4976,1.80,1.80
2009.02.11 16:04:55.965,1.4973,1.4976,3.20,1.80
2009.02.11 16:04:56.415,1.4973,1.49765,3.20,1.80
2009.02.11 16:04:57.205,1.49735,1.49765,1.00,1.80
2009.02.11 16:04:57.555,1.49735,1.49765,1.00,6.60
2009.02.11 16:04:59.874,1.49735,1.49765,1.00,1.80
2009.02.11 16:05:00.504,1.49735,1.49765,1.00,6.60
2009.02.11 16:05:02.353,1.49735,1.49755,1.00,4.80
2009.02.11 16:05:03.033,1.4973,1.49755,1.80,4.80
2009.02.11 16:05:03.385,1.4973,1.49755,1.80,6.60
2009.02.11 16:05:03.823,1.4973,1.4976,1.80,6.60
2009.02.11 16:05:07.922,1.49735,1.4976,1.00,6.60
2009.02.11 16:05:08.712,1.49735,1.49765,1.40,1.80
2009.02.11 16:05:08.942,1.49745,1.4977,1.00,1.80
2009.02.11 16:05:09.642,1.49745,1.49765,1.00,1.80
2009.02.11 16:05:10.892,1.49745,1.49775,1.00,1.80
2009.02.11 16:05:11.281,1.49745,1.49775,1.60,1.80
2009.02.11 16:05:11.501,1.49745,1.4977,1.60,1.80
2009.02.11 16:05:13.011,1.49745,1.49765,1.60,1.80
2009.02.11 16:05:13.591,1.49745,1.4977,1.60,1.80
2009.02.11 16:05:13.980,1.49755,1.4977,1.80,1.80
2009.02.11 16:05:14.691,1.4975,1.4977,1.80,1.80
2009.02.11 16:05:15.210,1.4975,1.49785,1.20,2.80
2009.02.11 16:05:15.650,1.49755,1.49785,1.60,2.80
2009.02.11 16:05:16.220,1.49755,1.4979,3.00,7.60
2009.02.11 16:05:16.520,1.49755,1.49775,3.00,4.80
2009.02.11 16:05:16.910,1.49755,1.49775,1.60,6.60
2009.02.11 16:05:17.370,1.49745,1.49765,1.80,4.80
2009.02.11 16:05:19.879,1.49745,1.4977,1.80,7.00
2009.02.11 16:05:20.059,1.49745,1.4977,1.80,6.60
2009.02.11 16:05:23.208,1.49745,1.4977,1.80,7.00
2009.02.11 16:05:24.258,1.49745,1.4977,1.80,6.60
2009.02.11 16:05:25.458,1.49745,1.4977,2.60,1.80
2009.02.11 16:05:26.018,1.49745,1.4977,2.80,1.80
2009.02.11 16:05:26.198,1.49745,1.49775,2.80,1.80
2009.02.11 16:05:26.318,1.49745,1.49775,4.20,1.80
2009.02.11 16:05:27.967,1.49745,1.4977,2.80,1.80
2009.02.11 16:05:28.177,1.49745,1.4977,1.80,1.80
2009.02.11 16:05:28.987,1.49745,1.49755,1.80,1.00
2009.02.11 16:05:29.407,1.49745,1.49755,2.80,1.00
2009.02.11 16:05:29.927,1.49755,1.4979,1.20,1.80
2009.02.11 16:05:30.257,1.49755,1.49785,1.20,1.80
2009.02.11 16:05:30.817,1.49745,1.49785,2.80,1.80
2009.02.11 16:05:31.217,1.49755,1.49775,1.20,1.80
2009.02.11 16:05:31.557,1.49755,1.49785,2.80,13.00
2009.02.11 16:05:32.196,1.49755,1.4978,2.80,1.80
2009.02.11 16:05:32.886,1.49755,1.49785,2.80,13.00
2009.02.11 16:05:33.926,1.49755,1.4978,2.80,1.80
2009.02.11 16:05:34.626,1.49755,1.4978,1.80,6.60
2009.02.11 16:05:35.135,1.49745,1.4977,3.20,4.80
2009.02.11 16:05:35.576,1.49745,1.4977,2.60,6.60
2009.02.11 16:05:35.925,1.49745,1.4977,1.80,6.60
2009.02.11 16:05:36.555,1.49745,1.49765,1.80,1.80
2009.02.11 16:05:37.015,1.49745,1.49755,1.80,4.80
2009.02.11 16:05:37.825,1.49745,1.49765,1.80,8.20
2009.02.11 16:05:38.165,1.49745,1.49765,2.80,1.80
2009.02.11 16:05:38.475,1.49745,1.4977,2.80,1.80
2009.02.11 16:05:38.875,1.49745,1.49765,2.80,4.80
2009.02.11 16:05:39.684,1.49755,1.4977,1.80,2.20
2009.02.11 16:05:39.984,1.49745,1.4978,4.20,8.00
2009.02.11 16:05:40.274,1.49745,1.4977,2.80,1.80
2009.02.11 16:05:40.684,1.49745,1.49775,2.80,1.80
2009.02.11 16:05:41.094,1.49745,1.4977,2.80,1.80
2009.02.11 16:05:42.294,1.49745,1.4977,1.80,6.60
2009.02.11 16:05:42.744,1.49745,1.49755,1.80,4.80
2009.02.11 16:05:43.563,1.49735,1.49755,1.80,4.80
2009.02.11 16:05:44.193,1.49735,1.49755,1.80,6.60
2009.02.11 16:05:44.613,1.49735,1.4976,1.80,1.80
2009.02.11 16:05:45.073,1.49735,1.49755,1.80,1.80
2009.02.11 16:05:45.873,1.49735,1.4976,1.80,1.80
2009.02.11 16:05:46.383,1.49735,1.49755,1.80,4.80
2009.02.11 16:05:47.253,1.49735,1.4976,3.00,1.80
2009.02.11 16:05:47.973,1.49735,1.49765,4.60,2.20
2009.02.11 16:05:48.373,1.49745,1.49765,1.00,1.80
2009.02.11 16:05:48.902,1.49745,1.4977,1.20,1.80
2009.02.11 16:05:52.092,1.49745,1.49765,1.20,1.80
2009.02.11 16:05:53.251,1.49745,1.49765,1.00,1.80
2009.02.11 16:05:53.951,1.49745,1.4977,1.00,1.80
2009.02.11 16:05:54.581,1.49745,1.49775,1.00,2.80
2009.02.11 16:05:54.921,1.49745,1.4977,1.00,1.80
2009.02.11 16:05:55.320,1.49745,1.49765,1.00,1.80
2009.02.11 16:05:56.100,1.49745,1.4976,1.00,1.80
2009.02.11 16:05:57.850,1.4976,1.49775,1.80,9.10
2009.02.11 16:05:58.070,1.49725,1.49765,4.80,1.80
2009.02.11 16:05:58.480,1.49735,1.49765,1.80,1.80
2009.02.11 16:06:00.429,1.49745,1.49765,1.80,2.20
2009.02.11 16:06:00.780,1.49745,1.4976,1.80,4.80
2009.02.11 16:06:01.009,1.49745,1.49765,1.80,1.80
2009.02.11 16:06:04.089,1.49745,1.4977,1.80,7.00
2009.02.11 16:06:04.448,1.49745,1.4977,1.80,1.80
2009.02.11 16:06:08.127,1.49745,1.4977,2.00,1.80
2009.02.11 16:06:08.577,1.49755,1.4977,1.80,1.80
2009.02.11 16:06:08.917,1.49755,1.49775,1.80,8.20
2009.02.11 16:06:12.337,1.49755,1.49775,1.80,4.80
2009.02.11 16:06:12.686,1.49755,1.49785,3.40,1.80
2009.02.11 16:06:13.206,1.49755,1.49785,2.00,1.80
2009.02.11 16:06:13.496,1.49755,1.49785,3.40,1.80
2009.02.11 16:06:13.846,1.49765,1.49785,1.80,1.80
2009.02.11 16:06:14.126,1.49765,1.49795,1.80,14.00
2009.02.11 16:06:14.406,1.49765,1.4979,1.80,1.80
2009.02.11 16:06:15.886,1.49765,1.49795,1.80,13.00
2009.02.11 16:06:18.415,1.49765,1.49795,1.80,14.00
2009.02.11 16:06:19.395,1.49765,1.4979,1.80,1.80
2009.02.11 16:06:20.205,1.49765,1.49785,1.80,4.80
2009.02.11 16:06:20.704,1.49765,1.49785,1.80,8.20
2009.02.11 16:06:20.984,1.49755,1.4978,1.40,1.80
2009.02.11 16:06:21.224,1.49755,1.4977,1.80,4.80
2009.02.11 16:06:21.784,1.49755,1.4977,1.80,6.60
2009.02.11 16:06:22.244,1.49745,1.4977,2.60,1.80
2009.02.11 16:06:22.524,1.4975,1.4976,1.80,4.80
2009.02.11 16:06:24.444,1.49745,1.4977,2.60,2.20
2009.02.11 16:06:24.953,1.4974,1.49755,2.20,1.00
2009.02.11 16:06:25.363,1.4973,1.49755,1.80,6.60
2009.02.11 16:06:26.803,1.4973,1.49745,1.80,4.80
2009.02.11 16:06:27.953,1.4973,1.4976,1.60,6.00
2009.02.11 16:06:28.363,1.4973,1.49745,1.80,4.80
2009.02.11 16:06:29.043,1.49735,1.49765,1.60,7.00
2009.02.11 16:06:29.382,1.4974,1.49765,1.80,1.80
2009.02.11 16:06:29.772,1.4974,1.49765,1.80,6.60
2009.02.11 16:06:30.062,1.4974,1.4976,1.80,4.80
2009.02.11 16:06:33.141,1.4973,1.4976,1.80,6.60
2009.02.11 16:06:33.612,1.49745,1.4976,1.60,4.80
2009.02.11 16:06:34.311,1.4974,1.4976,1.80,4.80
2009.02.11 16:06:35.691,1.4975,1.4976,1.80,4.80
2009.02.11 16:06:35.911,1.49745,1.4976,1.80,4.80
2009.02.11 16:06:36.501,1.4974,1.49755,1.80,4.80
2009.02.11 16:06:37.340,1.4974,1.49755,3.40,4.80
2009.02.11 16:06:37.521,1.4974,1.49755,3.40,4.80
2009.02.11 16:06:37.750,1.4974,1.49755,1.80,4.80
2009.02.11 16:06:38.891,1.4973,1.49755,1.80,4.80
2009.02.11 16:06:39.230,1.4973,1.49755,1.80,6.60
2009.02.11 16:06:39.500,1.4973,1.4976,3.20,6.60
2009.02.11 16:06:40.200,1.4973,1.4976,1.80,6.60
2009.02.11 16:06:41.119,1.49735,1.49745,1.20,4.80
2009.02.11 16:06:41.230,1.4973,1.49745,1.80,4.80
2009.02.11 16:06:41.689,1.49735,1.4975,1.80,4.80
2009.02.11 16:06:41.959,1.49735,1.4975,1.80,6.40
2009.02.11 16:06:42.349,1.49725,1.4975,8.40,1.60
2009.02.11 16:06:42.999,1.49725,1.4974,1.80,4.80
2009.02.11 16:06:44.759,1.4973,1.4974,1.80,4.80
2009.02.11 16:06:46.188,1.4973,1.49745,1.80,4.80
2009.02.11 16:06:47.548,1.4973,1.49755,1.80,1.80
2009.02.11 16:06:47.878,1.4973,1.49745,1.80,4.80
2009.02.11 16:06:49.168,1.49725,1.4975,2.60,3.40
2009.02.11 16:06:49.738,1.49725,1.4974,3.40,4.80
2009.02.11 16:06:51.977,1.49725,1.4974,2.60,1.00
2009.02.11 16:06:52.088,1.49725,1.4974,1.80,6.40
2009.02.11 16:06:52.737,1.4972,1.49735,1.80,4.80
2009.02.11 16:06:53.486,1.4972,1.4974,1.80,6.40
2009.02.11 16:06:54.066,1.4972,1.49735,1.80,4.80
2009.02.11 16:06:55.306,1.4972,1.4973,1.80,4.80
2009.02.11 16:06:55.766,1.4971,1.4973,2.60,1.00
2009.02.11 16:06:56.166,1.4972,1.4973,1.80,4.80
2009.02.11 16:06:56.686,1.4972,1.4974,1.80,8.20
2009.02.11 16:06:57.086,1.49725,1.4975,1.80,6.60
2009.02.11 16:06:57.476,1.4973,1.4975,1.80,4.80
2009.02.11 16:06:57.756,1.4973,1.4975,1.80,6.40
2009.02.11 16:06:59.645,1.49725,1.4974,5.80,4.80
2009.02.11 16:06:59.945,1.4972,1.4974,1.80,4.80
2009.02.11 16:07:00.415,1.4972,1.49745,1.80,2.20
2009.02.11 16:07:01.045,1.49725,1.4975,2.40,8.20
2009.02.11 16:07:01.435,1.49725,1.4975,8.80,6.40
2009.02.11 16:07:01.825,1.4972,1.4974,1.80,4.80
2009.02.11 16:07:02.444,1.4972,1.49745,1.80,1.80
2009.02.11 16:07:02.724,1.4972,1.4975,1.80,8.20
2009.02.11 16:07:03.584,1.4972,1.4975,3.20,8.20
2009.02.11 16:07:06.034,1.49725,1.4975,1.60,8.20
2009.02.11 16:07:07.103,1.4974,1.4975,1.80,8.20
2009.02.11 16:07:07.553,1.49725,1.4975,4.00,8.20
2009.02.11 16:07:07.973,1.49725,1.4975,6.40,6.40
2009.02.11 16:07:08.513,1.4973,1.4975,1.80,8.20
2009.02.11 16:07:08.853,1.4973,1.4975,1.80,6.40
2009.02.11 16:07:16.581,1.49735,1.4975,1.60,6.40
2009.02.11 16:07:17.671,1.49725,1.4975,2.40,6.40
2009.02.11 16:07:18.081,1.49725,1.4975,2.00,6.40
2009.02.11 16:07:18.420,1.49725,1.4975,2.00,8.20
2009.02.11 16:07:19.420,1.49725,1.4975,2.00,1.80
2009.02.11 16:07:19.830,1.49725,1.49755,2.40,1.80
2009.02.11 16:07:20.291,1.49725,1.4975,2.40,1.80
2009.02.11 16:07:22.180,1.49725,1.4974,2.40,4.80
2009.02.11 16:07:22.589,1.49725,1.4975,2.40,1.80
2009.02.11 16:07:24.719,1.49725,1.49745,2.40,1.80
2009.02.11 16:07:26.098,1.49725,1.4975,2.40,1.80
2009.02.11 16:07:26.398,1.49725,1.4975,4.20,6.60
2009.02.11 16:07:26.908,1.49725,1.4975,4.20,4.80
2009.02.11 16:07:27.188,1.49725,1.49755,2.40,6.60
2009.02.11 16:07:27.719,1.49725,1.4975,2.40,1.80
2009.02.11 16:07:28.118,1.49725,1.4975,2.40,8.20
2009.02.11 16:07:29.848,1.49725,1.4975,4.20,6.40
2009.02.11 16:07:30.328,1.49735,1.49755,2.40,1.80
2009.02.11 16:07:30.777,1.4974,1.49765,1.80,1.80
2009.02.11 16:07:31.067,1.4974,1.49775,3.20,6.60
2009.02.11 16:07:31.877,1.4974,1.4977,3.20,1.80
2009.02.11 16:07:33.777,1.4974,1.49765,1.20,4.80
2009.02.11 16:07:34.127,1.49735,1.49765,2.40,6.60
2009.02.11 16:07:35.696,1.4974,1.49765,1.80,1.80
2009.02.11 16:07:36.146,1.4974,1.49775,3.20,6.60
2009.02.11 16:07:36.616,1.4974,1.49775,5.40,1.80
2009.02.11 16:07:36.906,1.49755,1.4978,2.40,1.80
2009.02.11 16:07:37.196,1.49755,1.4979,3.60,6.60
2009.02.11 16:07:38.416,1.49755,1.49785,2.40,1.80
2009.02.11 16:07:38.806,1.49745,1.4977,15.60,4.80
2009.02.11 16:07:39.136,1.49745,1.4977,1.20,4.80
2009.02.11 16:07:39.605,1.49735,1.4977,1.20,4.80
2009.02.11 16:07:40.005,1.4973,1.4975,3.20,4.80
2009.02.11 16:07:40.415,1.4973,1.4975,1.80,4.80
2009.02.11 16:07:40.875,1.49725,1.4975,2.40,6.40
2009.02.11 16:07:41.285,1.49725,1.4975,2.40,8.20
2009.02.11 16:07:41.705,1.49725,1.4975,2.40,1.80
2009.02.11 16:07:42.095,1.49735,1.4976,2.40,1.80
2009.02.11 16:07:42.485,1.49735,1.49765,3.80,1.80
2009.02.11 16:07:42.835,1.49745,1.49775,2.40,1.80
2009.02.11 16:07:43.914,1.49745,1.49775,2.00,6.60
2009.02.11 16:07:44.294,1.49745,1.4977,2.00,1.80
2009.02.11 16:07:45.074,1.4974,1.4977,1.20,4.80
2009.02.11 16:07:45.384,1.4974,1.49775,1.20,18.00
2009.02.11 16:07:45.764,1.4974,1.4977,1.20,4.80
2009.02.11 16:07:46.174,1.49735,1.49765,1.20,1.80
2009.02.11 16:07:46.574,1.49735,1.49765,2.80,1.80
2009.02.11 16:07:46.754,1.49735,1.4977,4.20,1.80
2009.02.11 16:07:47.034,1.49745,1.4977,1.20,1.80
2009.02.11 16:07:47.434,1.49745,1.49775,4.20,1.80
2009.02.11 16:07:47.883,1.49755,1.49785,1.20,1.80
2009.02.11 16:07:48.453,1.49755,1.4978,1.20,1.80
2009.02.11 16:07:48.873,1.49755,1.4977,1.20,1.80
2009.02.11 16:07:49.773,1.49745,1.4977,1.20,1.80
2009.02.11 16:07:50.173,1.49745,1.49765,1.20,1.80
2009.02.11 16:07:50.923,1.49745,1.4977,1.20,1.80
2009.02.11 16:07:51.223,1.49745,1.49775,1.20,1.80
2009.02.11 16:07:52.733,1.4975,1.49775,1.80,1.80
2009.02.11 16:07:53.122,1.49755,1.49775,1.20,1.80
2009.02.11 16:07:53.352,1.49755,1.4978,1.20,1.80
2009.02.11 16:07:53.522,1.49755,1.49785,1.20,1.80
2009.02.11 16:07:53.982,1.49755,1.4978,1.20,1.80
2009.02.11 16:07:57.981,1.4976,1.49775,1.20,4.80
2009.02.11 16:07:58.262,1.49755,1.4978,6.40,1.80
2009.02.11 16:07:58.611,1.49755,1.4978,1.20,1.80
2009.02.11 16:08:01.230,1.4976,1.4978,1.80,1.80
2009.02.11 16:08:01.460,1.4976,1.49785,1.80,4.80
2009.02.11 16:08:01.820,1.49755,1.49775,2.20,4.80
2009.02.11 16:08:02.060,1.49755,1.49775,1.20,4.80
2009.02.11 16:08:02.460,1.49755,1.49775,1.20,6.60
2009.02.11 16:08:02.970,1.49755,1.4977,1.20,1.80
2009.02.11 16:08:03.320,1.49745,1.4977,1.20,1.80
2009.02.11 16:08:03.679,1.49745,1.4976,1.20,1.80
2009.02.11 16:08:04.020,1.49735,1.49765,1.60,6.60
2009.02.11 16:08:04.649,1.49735,1.49755,1.20,1.80
2009.02.11 16:08:05.169,1.49735,1.4976,1.20,1.80
2009.02.11 16:08:06.089,1.49735,1.49765,1.20,6.60
2009.02.11 16:08:06.489,1.49735,1.4976,1.20,1.80
2009.02.11 16:08:16.766,1.4974,1.4976,1.80,1.80
2009.02.11 16:08:17.686,1.49735,1.4977,2.20,6.60
2009.02.11 16:08:18.126,1.4974,1.49775,3.40,1.80
2009.02.11 16:08:18.476,1.49755,1.49785,4.80,1.80
2009.02.11 16:08:19.256,1.4975,1.49785,1.20,1.80
2009.02.11 16:08:20.605,1.49755,1.49785,1.00,1.80
2009.02.11 16:08:21.065,1.49755,1.49785,2.40,1.80
2009.02.11 16:08:21.705,1.49755,1.4979,2.40,6.60
2009.02.11 16:08:21.885,1.4976,1.4979,1.80,6.60
2009.02.11 16:08:23.435,1.4976,1.49775,1.80,1.00
2009.02.11 16:08:23.835,1.4976,1.498,3.20,8.80
2009.02.11 16:08:24.184,1.4976,1.498,3.20,2.40
2009.02.11 16:08:24.584,1.49765,1.498,1.20,7.60
2009.02.11 16:08:24.984,1.49765,1.49785,1.20,1.80
2009.02.11 16:08:25.334,1.49765,1.49785,1.20,4.80
2009.02.11 16:08:26.044,1.49775,1.4979,1.80,6.60
2009.02.11 16:08:26.324,1.49775,1.49795,1.80,1.00
2009.02.11 16:08:26.784,1.49775,1.498,1.80,6.60
2009.02.11 16:08:27.204,1.49775,1.498,2.80,4.80
2009.02.11 16:08:28.963,1.49775,1.498,1.20,4.80
2009.02.11 16:08:29.443,1.49775,1.49795,1.20,1.80
2009.02.11 16:08:29.723,1.49775,1.498,1.20,6.60
2009.02.11 16:08:30.023,1.49775,1.498,2.80,6.60
2009.02.11 16:08:30.723,1.49775,1.498,1.20,6.60
2009.02.11 16:08:32.913,1.49775,1.498,2.80,6.60
2009.02.11 16:08:33.962,1.49775,1.498,1.20,6.60
2009.02.11 16:08:36.212,1.49775,1.498,2.80,6.60
2009.02.11 16:08:36.382,1.49775,1.498,2.80,4.80
2009.02.11 16:08:38.291,1.49775,1.498,1.20,6.60
2009.02.11 16:08:42.490,1.49775,1.49795,1.20,1.80
2009.02.11 16:08:43.000,1.49775,1.49795,1.20,1.00
2009.02.11 16:08:43.231,1.49775,1.49795,1.20,1.80
2009.02.11 16:08:46.860,1.49775,1.49795,1.80,1.80
2009.02.11 16:08:47.210,1.49775,1.498,1.80,1.80
2009.02.11 16:08:47.779,1.49775,1.49805,1.80,7.20
2009.02.11 16:08:48.719,1.49775,1.49805,1.80,2.40
2009.02.11 16:08:49.478,1.49775,1.4979,1.80,4.80
2009.02.11 16:08:49.948,1.49765,1.4979,1.80,4.80
2009.02.11 16:08:50.478,1.49775,1.498,1.00,1.80
2009.02.11 16:08:50.839,1.49775,1.498,1.00,1.80
2009.02.11 16:08:51.118,1.49765,1.4978,1.20,4.80
2009.02.11 16:08:51.398,1.4975,1.4978,1.80,4.80
2009.02.11 16:08:52.957,1.49765,1.4978,1.80,4.80
2009.02.11 16:08:53.307,1.49765,1.49785,1.80,5.20
2009.02.11 16:08:54.107,1.4977,1.49785,1.80,1.00
2009.02.11 16:08:54.577,1.4977,1.4979,1.80,4.80
2009.02.11 16:08:55.617,1.4977,1.49785,1.80,1.00
2009.02.11 16:08:56.237,1.4977,1.49785,1.80,5.20
2009.02.11 16:09:00.836,1.4977,1.4979,1.80,4.80
2009.02.11 16:09:10.204,1.4977,1.49785,1.80,4.80
2009.02.11 16:09:11.533,1.4977,1.4979,1.80,4.80
2009.02.11 16:09:15.162,1.4977,1.49785,1.80,4.80
2009.02.11 16:09:17.352,1.49765,1.49795,2.80,4.40
2009.02.11 16:09:17.412,1.4977,1.49785,1.80,5.00
2009.02.11 16:09:17.592,1.4977,1.49785,1.80,4.80
2009.02.11 16:09:18.701,1.4977,1.4979,1.80,4.80
2009.02.11 16:09:21.421,1.4977,1.49785,1.80,4.80
2009.02.11 16:09:23.460,1.4977,1.4979,1.80,4.80
2009.02.11 16:09:24.180,1.4977,1.49785,1.80,4.80
2009.02.11 16:09:24.571,1.4977,1.4979,1.80,4.80
2009.02.11 16:09:36.837,1.4978,1.49795,1.80,9.20
2009.02.11 16:09:37.247,1.4978,1.49795,1.80,7.00
2009.02.11 16:09:38.557,1.4977,1.4979,1.80,4.80
2009.02.11 16:09:42.126,1.49765,1.49795,4.80,2.00
2009.02.11 16:09:42.475,1.4978,1.4981,3.20,6.60
2009.02.11 16:09:42.935,1.4978,1.4981,3.20,4.80
2009.02.11 16:09:43.396,1.4978,1.4981,1.20,4.80
2009.02.11 16:09:43.736,1.49775,1.49805,1.20,1.00
2009.02.11 16:09:44.375,1.49775,1.49805,1.20,2.40
2009.02.11 16:09:44.835,1.49775,1.49795,1.20,1.00
2009.02.11 16:09:45.855,1.4977,1.49795,3.20,1.00
2009.02.11 16:09:46.085,1.49775,1.49795,1.20,1.00
2009.02.11 16:09:46.474,1.49775,1.49805,1.20,2.40
2009.02.11 16:09:47.095,1.49775,1.49805,1.20,1.00
2009.02.11 16:09:47.505,1.49775,1.49805,1.20,2.40
2009.02.11 16:09:48.024,1.4978,1.49805,1.80,2.40
2009.02.11 16:09:48.414,1.4978,1.49805,3.80,1.00
2009.02.11 16:09:48.694,1.4979,1.49805,1.80,1.00
2009.02.11 16:09:49.224,1.4979,1.4981,1.80,4.80
2009.02.11 16:09:50.374,1.4979,1.49805,1.80,1.00
2009.02.11 16:09:51.703,1.49785,1.49805,1.20,1.00
2009.02.11 16:09:52.113,1.4978,1.49805,3.20,1.00
2009.02.11 16:09:52.353,1.4979,1.4981,1.80,4.80
2009.02.11 16:09:53.034,1.49795,1.49815,2.60,1.60
2009.02.11 16:09:53.493,1.4981,1.49825,1.80,1.80
2009.02.11 16:09:53.853,1.49815,1.4983,1.20,4.80
2009.02.11 16:09:54.253,1.49815,1.49825,1.20,4.80
2009.02.11 16:09:54.962,1.498,1.4982,3.20,4.80
2009.02.11 16:09:55.323,1.4979,1.4982,1.80,6.60
2009.02.11 16:09:56.062,1.49795,1.4982,1.20,4.80
2009.02.11 16:09:56.472,1.4979,1.4982,3.20,4.80
2009.02.11 16:09:57.172,1.4979,1.4982,1.80,6.60
2009.02.11 16:09:57.402,1.498,1.4982,1.80,4.80
2009.02.11 16:09:58.752,1.498,1.49825,1.80,11.40
2009.02.11 16:09:59.142,1.498,1.49825,1.80,8.20
2009.02.11 16:09:59.652,1.498,1.49825,1.80,3.80
2009.02.11 16:10:00.041,1.498,1.49825,3.20,1.60
2009.02.11 16:10:01.031,1.498,1.49825,1.80,1.60
2009.02.11 16:10:01.481,1.498,1.49825,3.20,1.60
2009.02.11 16:10:02.461,1.498,1.4983,3.20,6.60
2009.02.11 16:10:05.560,1.498,1.49825,3.20,1.20
2009.02.11 16:10:10.099,1.498,1.4983,3.20,6.60
2009.02.11 16:10:10.449,1.498,1.4983,3.20,4.80
2009.02.11 16:10:10.739,1.4981,1.4983,1.20,4.80
2009.02.11 16:10:11.039,1.498,1.49835,5.40,2.80
2009.02.11 16:10:11.279,1.49805,1.49835,3.40,1.20
2009.02.11 16:10:11.509,1.4981,1.49835,1.20,1.20
2009.02.11 16:10:15.008,1.4981,1.49835,3.20,1.20
2009.02.11 16:10:15.407,1.4981,1.49835,3.20,1.20
2009.02.11 16:10:15.877,1.4981,1.49835,1.20,1.20
2009.02.11 16:10:16.507,1.49805,1.49835,1.20,1.20
2009.02.11 16:10:16.897,1.49805,1.49835,3.40,1.20
2009.02.11 16:10:17.757,1.49805,1.4982,1.20,4.80
2009.02.11 16:10:17.997,1.49805,1.49835,1.20,7.20
2009.02.11 16:10:18.387,1.49805,1.49835,1.20,4.80
2009.02.11 16:10:18.617,1.498,1.4984,5.40,3.40
2009.02.11 16:10:18.787,1.49805,1.49835,1.20,3.40
2009.02.11 16:10:19.567,1.49805,1.49825,1.20,4.80
2009.02.11 16:10:20.127,1.498,1.49825,1.80,4.80
2009.02.11 16:10:20.237,1.498,1.49825,3.20,4.80
2009.02.11 16:10:21.416,1.4981,1.49825,2.00,4.80
2009.02.11 16:10:21.696,1.498,1.49825,3.20,4.80
2009.02.11 16:10:22.356,1.49805,1.4983,1.20,4.80
2009.02.11 16:10:22.756,1.498,1.4983,3.20,4.80
2009.02.11 16:10:23.096,1.498,1.4983,3.20,6.60
2009.02.11 16:10:23.996,1.498,1.49825,3.20,1.20
2009.02.11 16:10:24.926,1.498,1.49825,1.80,1.20
2009.02.11 16:10:25.225,1.498,1.49825,3.20,1.20
2009.02.11 16:10:27.335,1.498,1.4983,3.20,6.60
2009.02.11 16:10:28.614,1.498,1.4983,3.20,4.80
2009.02.11 16:10:30.844,1.49815,1.4983,1.80,4.80
2009.02.11 16:10:31.254,1.4981,1.4983,1.80,4.80
2009.02.11 16:10:34.493,1.49805,1.4983,1.20,4.80
2009.02.11 16:10:34.783,1.498,1.4983,3.20,6.60
2009.02.11 16:10:36.662,1.498,1.49835,6.80,2.80
2009.02.11 16:10:36.772,1.498,1.49835,5.40,2.80
2009.02.11 16:10:36.942,1.49805,1.49835,3.40,2.80
2009.02.11 16:10:37.233,1.4981,1.49835,1.20,1.20
2009.02.11 16:10:37.623,1.4981,1.49835,3.40,1.20
2009.02.11 16:10:38.042,1.49815,1.49835,1.20,1.20
2009.02.11 16:10:38.952,1.4982,1.49845,1.20,1.60
2009.02.11 16:10:39.412,1.49815,1.49845,1.20,1.60
2009.02.11 16:10:39.752,1.49815,1.49845,3.40,1.60
2009.02.11 16:10:41.971,1.4982,1.49845,1.20,1.60
2009.02.11 16:10:42.421,1.4982,1.49845,1.20,1.20
2009.02.11 16:10:45.130,1.4982,1.49845,3.20,1.20
2009.02.11 16:10:45.300,1.4983,1.49855,1.80,4.20
2009.02.11 16:10:45.640,1.4983,1.49855,1.80,2.40
2009.02.11 16:10:45.921,1.4984,1.49855,1.80,2.40
2009.02.11 16:10:46.160,1.4984,1.49855,1.80,1.20
2009.02.11 16:10:48.190,1.49835,1.49855,4.60,5.80
2009.02.11 16:10:56.468,1.49835,1.49855,4.60,6.40
2009.02.11 16:10:57.038,1.4984,1.49865,1.20,7.20
2009.02.11 16:10:57.428,1.4984,1.49865,1.20,5.80
2009.02.11 16:10:57.757,1.4984,1.49875,3.20,7.60
2009.02.11 16:10:58.107,1.49845,1.49875,1.20,7.60
2009.02.11 16:10:58.697,1.49845,1.49875,4.60,7.60
2009.02.11 16:10:59.267,1.4985,1.49875,1.20,5.80
2009.02.11 16:10:59.627,1.49855,1.49875,4.60,4.80
2009.02.11 16:11:00.997,1.4986,1.49875,1.80,4.80
2009.02.11 16:11:01.457,1.49875,1.4989,3.40,6.60
2009.02.11 16:11:01.757,1.49875,1.4989,3.40,4.80
2009.02.11 16:11:02.176,1.49875,1.49895,3.40,7.20
2009.02.11 16:11:02.946,1.49875,1.49895,4.60,7.20
2009.02.11 16:11:03.696,1.49875,1.49895,3.40,7.20
2009.02.11 16:11:03.986,1.49875,1.49895,4.60,7.20
2009.02.11 16:11:04.846,1.49875,1.49895,1.40,7.20
2009.02.11 16:11:05.256,1.4986,1.49885,8.00,2.40
2009.02.11 16:11:05.596,1.49865,1.49875,1.20,4.80
2009.02.11 16:11:05.886,1.4986,1.49885,1.80,1.80
2009.02.11 16:11:06.285,1.49865,1.49895,1.20,7.20
2009.02.11 16:11:06.615,1.4986,1.49895,3.20,9.00
2009.02.11 16:11:06.855,1.49865,1.49895,3.20,5.80
2009.02.11 16:11:07.255,1.49865,1.49895,4.60,5.80
2009.02.11 16:11:07.855,1.49875,1.49895,3.40,5.80
2009.02.11 16:11:08.325,1.4988,1.49895,3.00,4.80
2009.02.11 16:11:08.615,1.4988,1.49895,1.20,4.80
2009.02.11 16:11:09.134,1.4987,1.49895,1.20,4.80
2009.02.11 16:11:09.824,1.4987,1.49895,1.20,7.40
2009.02.11 16:11:10.164,1.49865,1.49895,6.00,7.40
2009.02.11 16:11:10.604,1.49865,1.49895,1.20,9.20
2009.02.11 16:11:10.984,1.49875,1.49895,1.20,7.40
2009.02.11 16:11:11.644,1.4987,1.49895,8.00,7.40
2009.02.11 16:11:12.074,1.4987,1.49895,1.20,7.40
2009.02.11 16:11:12.574,1.4987,1.49895,3.20,7.40
2009.02.11 16:11:13.355,1.4987,1.49895,1.20,7.40
2009.02.11 16:11:13.694,1.4987,1.49895,3.20,6.60
2009.02.11 16:11:14.034,1.4987,1.49895,3.20,5.40
2009.02.11 16:11:15.573,1.49885,1.49895,1.80,5.40
2009.02.11 16:11:16.183,1.49875,1.49895,1.20,5.40
2009.02.11 16:11:16.483,1.4987,1.49895,6.00,5.40
2009.02.11 16:11:16.953,1.4987,1.49895,1.20,5.40
2009.02.11 16:11:17.853,1.49865,1.49895,1.80,6.00
2009.02.11 16:11:18.142,1.49865,1.49895,1.20,7.80
2009.02.11 16:11:18.662,1.4987,1.49895,1.80,6.00
2009.02.11 16:11:19.352,1.4987,1.49895,3.20,6.00
2009.02.11 16:11:21.992,1.49865,1.49895,6.60,6.80
2009.02.11 16:11:22.332,1.49865,1.49895,1.20,6.80
2009.02.11 16:11:22.563,1.49865,1.49895,1.20,8.80
2009.02.11 16:11:24.511,1.49865,1.49895,1.20,9.20
2009.02.11 16:11:25.031,1.4986,1.49895,3.20,9.20
2009.02.11 16:11:25.931,1.49875,1.49895,1.80,2.60
2009.02.11 16:11:26.160,1.49875,1.49895,1.80,2.00
2009.02.11 16:11:26.811,1.4987,1.49895,1.20,5.40
2009.02.11 16:11:26.920,1.4986,1.49895,1.20,5.40
2009.02.11 16:11:27.490,1.4988,1.49895,1.20,5.40
2009.02.11 16:11:27.890,1.49865,1.49895,1.20,5.40
2009.02.11 16:11:28.410,1.4988,1.49895,1.80,1.00
2009.02.11 16:11:28.810,1.49875,1.49895,1.20,5.40
2009.02.11 16:11:29.040,1.49865,1.49895,1.20,5.40
2009.02.11 16:11:34.409,1.4987,1.49895,3.20,5.40
2009.02.11 16:11:36.218,1.4987,1.49895,1.20,5.40
2009.02.11 16:11:36.558,1.4987,1.49885,1.20,4.80
2009.02.11 16:11:36.838,1.49865,1.49885,6.60,4.80
2009.02.11 16:11:37.178,1.4986,1.49885,3.20,4.80
2009.02.11 16:11:37.818,1.4986,1.49885,3.20,4.80
2009.02.11 16:11:38.278,1.4986,1.49885,1.20,4.80
2009.02.11 16:11:39.867,1.4986,1.49885,1.20,5.60
2009.02.11 16:11:40.328,1.49855,1.4987,4.60,4.80
2009.02.11 16:11:40.697,1.49855,1.4987,1.80,4.80
2009.02.11 16:11:41.327,1.49855,1.49875,4.60,4.80
2009.02.11 16:11:42.936,1.4986,1.499,2.00,12.20
2009.02.11 16:11:43.236,1.49865,1.499,1.20,5.60
2009.02.11 16:11:44.426,1.49865,1.4988,1.20,4.80
2009.02.11 16:11:45.086,1.49855,1.4988,4.60,4.80
2009.02.11 16:11:50.645,1.49855,1.4989,11.00,1.80
2009.02.11 16:11:51.015,1.4986,1.49895,2.00,7.40
2009.02.11 16:11:51.364,1.49865,1.49885,1.20,1.00
2009.02.11 16:11:51.825,1.4986,1.49885,6.00,1.00
2009.02.11 16:11:52.104,1.4986,1.49885,1.20,1.00
2009.02.11 16:11:52.484,1.49865,1.49885,1.20,1.00
2009.02.11 16:11:52.724,1.4987,1.49885,1.20,1.00
2009.02.11 16:11:53.004,1.4987,1.49895,1.20,5.60
2009.02.11 16:11:53.594,1.49865,1.49885,1.20,1.00
2009.02.11 16:11:55.093,1.4986,1.49885,6.00,1.00
2009.02.11 16:11:55.443,1.4986,1.49885,1.20,1.00
2009.02.11 16:11:55.673,1.49865,1.49885,1.20,1.00
2009.02.11 16:11:56.593,1.4986,1.49885,1.20,1.00
2009.02.11 16:11:56.933,1.49865,1.49885,1.20,1.00
2009.02.11 16:11:58.483,1.4986,1.49885,6.60,1.00
2009.02.11 16:11:58.653,1.49865,1.49885,1.20,1.00
2009.02.11 16:12:00.432,1.4987,1.49885,1.20,1.00
2009.02.11 16:12:00.772,1.4987,1.49895,1.20,4.80
2009.02.11 16:12:02.462,1.4987,1.49895,1.20,5.60
2009.02.11 16:12:02.861,1.4987,1.49895,3.20,5.60
2009.02.11 16:12:03.782,1.4987,1.49895,3.20,5.60
2009.02.11 16:12:04.331,1.4987,1.49895,1.20,5.60
2009.02.11 16:12:04.941,1.49875,1.49895,1.20,5.60
2009.02.11 16:12:06.241,1.4987,1.49895,1.20,5.60
2009.02.11 16:12:08.180,1.4987,1.49895,3.20,5.60
2009.02.11 16:12:08.750,1.4987,1.49895,3.20,4.80
2009.02.11 16:12:08.990,1.49875,1.49895,1.20,4.80
2009.02.11 16:12:10.820,1.49875,1.49895,3.20,4.80
2009.02.11 16:12:11.170,1.49885,1.49895,1.80,4.80
2009.02.11 16:12:14.999,1.49885,1.49895,3.40,4.80
2009.02.11 16:12:15.349,1.49885,1.49905,3.20,4.80
2009.02.11 16:12:15.798,1.49885,1.49905,1.80,4.80
2009.02.11 16:12:16.088,1.49885,1.49905,1.20,4.80
2009.02.11 16:12:16.668,1.4988,1.49905,1.20,5.60
2009.02.11 16:12:17.068,1.4988,1.49895,1.20,4.80
2009.02.11 16:12:17.408,1.49875,1.49895,1.20,4.80
2009.02.11 16:12:17.758,1.4987,1.49895,3.20,4.80
2009.02.11 16:12:18.288,1.4987,1.49895,1.20,4.80
2009.02.11 16:12:19.128,1.49865,1.49895,1.20,1.80
2009.02.11 16:12:19.578,1.49865,1.49895,1.20,1.00
2009.02.11 16:12:19.927,1.49865,1.4989,1.20,4.80
2009.02.11 16:12:20.398,1.4986,1.49895,6.00,2.60
2009.02.11 16:12:20.907,1.4987,1.49895,1.80,1.00
2009.02.11 16:12:21.147,1.4987,1.49895,1.20,1.00
2009.02.11 16:12:21.627,1.49875,1.49895,1.20,1.00
2009.02.11 16:12:24.036,1.49875,1.49905,3.20,4.80
2009.02.11 16:12:24.438,1.49875,1.49905,3.20,4.80
2009.02.11 16:12:25.186,1.49875,1.49905,1.20,4.80
2009.02.11 16:12:27.046,1.49875,1.49905,3.20,4.80
2009.02.11 16:12:27.855,1.4988,1.49905,1.20,4.80
2009.02.11 16:12:28.416,1.49875,1.49905,3.20,4.80
2009.02.11 16:12:28.595,1.49875,1.49905,3.20,4.80
2009.02.11 16:12:29.305,1.49875,1.49905,1.20,4.80
2009.02.11 16:12:29.785,1.49875,1.49905,3.20,4.80
2009.02.11 16:12:30.995,1.4988,1.49905,1.20,4.80
2009.02.11 16:12:32.245,1.4988,1.49905,3.20,4.80
2009.02.11 16:12:32.824,1.4988,1.49905,1.20,4.80
2009.02.11 16:12:33.334,1.49885,1.49905,1.80,4.80
2009.02.11 16:12:33.674,1.49885,1.49905,1.20,4.80
2009.02.11 16:12:34.334,1.49885,1.49905,1.80,4.80
2009.02.11 16:12:34.804,1.4988,1.49905,3.20,4.80
2009.02.11 16:12:35.244,1.4988,1.49905,1.20,4.80
2009.02.11 16:12:35.814,1.49885,1.49905,3.20,4.80
2009.02.11 16:12:37.353,1.49895,1.4991,1.80,6.40
2009.02.11 16:12:37.883,1.49885,1.49905,6.60,4.80
2009.02.11 16:12:38.224,1.49885,1.49905,4.60,4.80
2009.02.11 16:12:38.563,1.49895,1.4991,1.80,6.40
2009.02.11 16:12:40.183,1.49885,1.49905,4.60,4.80
2009.02.11 16:12:41.273,1.499,1.4991,1.80,4.80
2009.02.11 16:12:41.902,1.499,1.49935,3.20,8.20
2009.02.11 16:12:42.242,1.49895,1.49935,6.00,8.20
2009.02.11 16:12:42.722,1.49895,1.49935,1.20,8.20
2009.02.11 16:12:43.192,1.49895,1.4993,3.20,8.20
2009.02.11 16:12:43.812,1.49895,1.49925,1.20,1.80
2009.02.11 16:12:44.332,1.49895,1.4993,3.20,8.20
2009.02.11 16:12:44.972,1.49895,1.49915,1.20,2.20
2009.02.11 16:12:45.511,1.49905,1.49915,1.20,2.20
2009.02.11 16:12:46.001,1.4989,1.49915,1.20,2.20
2009.02.11 16:12:46.411,1.49895,1.49915,1.20,2.20
2009.02.11 16:12:47.371,1.4989,1.49915,1.20,2.20
2009.02.11 16:12:47.651,1.49885,1.49915,3.20,2.20
2009.02.11 16:12:48.051,1.49885,1.49915,3.20,1.00
2009.02.11 16:12:48.341,1.4989,1.49915,1.20,1.00
2009.02.11 16:12:49.091,1.4989,1.49915,3.20,1.00
2009.02.11 16:12:49.381,1.4989,1.49925,3.20,3.20
2009.02.11 16:12:49.661,1.49895,1.49925,1.20,1.20
2009.02.11 16:12:50.060,1.49895,1.49925,1.20,2.20
2009.02.11 16:12:50.400,1.49895,1.4992,1.20,6.40
2009.02.11 16:12:50.860,1.49895,1.4991,1.20,4.80
2009.02.11 16:12:51.140,1.4989,1.4992,6.00,8.20
2009.02.11 16:12:51.870,1.4989,1.4992,1.20,8.20
2009.02.11 16:12:52.570,1.4988,1.4991,3.20,6.40
2009.02.11 16:12:53.410,1.4988,1.499,3.20,3.20
2009.02.11 16:12:53.929,1.4988,1.4989,1.80,4.80
2009.02.11 16:12:54.759,1.4988,1.499,1.80,9.60
2009.02.11 16:12:55.229,1.4988,1.499,1.80,6.40
2009.02.11 16:12:55.629,1.4988,1.4989,1.80,4.80
2009.02.11 16:12:56.019,1.49885,1.49895,1.80,1.60
2009.02.11 16:12:56.439,1.49885,1.49905,1.80,1.80
2009.02.11 16:12:57.479,1.49875,1.499,16.40,6.40
2009.02.11 16:12:57.888,1.49875,1.499,3.20,4.80
2009.02.11 16:12:59.788,1.49885,1.49905,1.80,1.60
2009.02.11 16:13:00.428,1.49885,1.49905,1.80,6.40
2009.02.11 16:13:00.818,1.4988,1.49905,3.20,4.80
2009.02.11 16:13:01.327,1.49885,1.49905,1.20,4.80
2009.02.11 16:13:01.677,1.49895,1.49905,1.80,4.80
2009.02.11 16:13:02.697,1.49895,1.4991,3.40,4.80
2009.02.11 16:13:03.337,1.49895,1.4991,1.80,6.40
2009.02.11 16:13:03.857,1.49895,1.4991,1.40,1.00
2009.02.11 16:13:04.257,1.49905,1.4992,3.20,1.60
2009.02.11 16:13:04.837,1.499,1.4993,3.20,8.20
2009.02.11 16:13:05.246,1.499,1.4993,3.20,6.40
2009.02.11 16:13:05.766,1.499,1.4993,3.20,8.20
2009.02.11 16:13:06.346,1.499,1.4993,3.20,6.40
2009.02.11 16:13:06.646,1.499,1.4993,3.20,8.20
2009.02.11 16:13:10.105,1.49895,1.49925,1.20,1.60
2009.02.11 16:13:11.075,1.49905,1.49925,1.80,1.60
2009.02.11 16:13:11.435,1.49905,1.49925,1.80,3.40
2009.02.11 16:13:11.895,1.49895,1.49925,1.20,1.00
2009.02.11 16:13:12.138,1.49895,1.49925,1.20,1.60
2009.02.11 16:13:13.165,1.49895,1.49925,1.20,1.00
2009.02.11 16:13:14.135,1.499,1.4993,1.80,8.20
2009.02.11 16:13:14.764,1.499,1.4993,3.20,6.40
2009.02.11 16:13:15.284,1.49915,1.4993,1.80,6.40
2009.02.11 16:13:16.154,1.4992,1.4993,1.80,4.80
2009.02.11 16:13:16.964,1.4992,1.49945,1.80,1.80
2009.02.11 16:13:17.354,1.4993,1.49945,1.20,1.00
2009.02.11 16:13:17.933,1.4993,1.4994,1.20,1.00
2009.02.11 16:13:18.323,1.49925,1.4993,1.80,1.00
2009.02.11 16:13:18.723,1.49925,1.4994,1.20,7.20
2009.02.11 16:13:19.073,1.49925,1.49955,8.00,1.00
2009.02.11 16:13:19.363,1.4993,1.49955,1.20,1.00
2009.02.11 16:13:20.523,1.4993,1.49955,1.20,3.40
2009.02.11 16:13:20.933,1.4993,1.49945,1.20,1.00
2009.02.11 16:13:21.343,1.49925,1.49955,5.40,3.40
2009.02.11 16:13:21.742,1.49935,1.49955,1.20,3.40
2009.02.11 16:13:22.252,1.4994,1.49955,1.20,3.40
2009.02.11 16:13:22.432,1.49935,1.49955,1.20,3.40
2009.02.11 16:13:24.062,1.49935,1.49955,1.20,1.00
2009.02.11 16:13:25.252,1.4993,1.49955,1.20,1.00
2009.02.11 16:13:25.762,1.49935,1.49955,3.20,1.00
2009.02.11 16:13:26.231,1.49935,1.49955,1.20,1.00
2009.02.11 16:13:26.741,1.4993,1.49955,6.00,1.00
2009.02.11 16:13:27.051,1.49945,1.49955,1.80,1.00
2009.02.11 16:13:27.221,1.49945,1.49965,1.80,7.60
2009.02.11 16:13:27.981,1.49945,1.49965,1.80,2.80
2009.02.11 16:13:28.501,1.4995,1.4996,1.80,4.80
2009.02.11 16:13:29.131,1.4994,1.4996,3.20,4.80
2009.02.11 16:13:29.531,1.49935,1.49955,1.20,1.00
2009.02.11 16:13:30.060,1.4993,1.49955,6.60,1.00
2009.02.11 16:13:30.530,1.49935,1.49955,1.20,1.00
2009.02.11 16:13:31.320,1.4993,1.49955,1.20,5.00
2009.02.11 16:13:31.900,1.4992,1.49955,3.20,9.40
2009.02.11 16:13:32.300,1.49925,1.49955,1.20,9.40
2009.02.11 16:13:32.600,1.4992,1.49955,3.20,9.40
2009.02.11 16:13:33.220,1.4992,1.4994,3.20,4.80
2009.02.11 16:13:33.949,1.4992,1.49935,1.20,1.00
2009.02.11 16:13:34.420,1.49905,1.49925,6.00,1.00
2009.02.11 16:13:34.709,1.49895,1.4992,13.60,6.40
2009.02.11 16:13:35.339,1.49895,1.4992,8.80,4.80
2009.02.11 16:13:35.739,1.49895,1.4992,1.80,1.80
2009.02.11 16:13:36.259,1.499,1.49925,1.20,1.00
2009.02.11 16:13:37.049,1.49905,1.49925,1.80,1.00
2009.02.11 16:13:37.329,1.49905,1.49935,3.20,2.80
2009.02.11 16:13:37.778,1.49905,1.49925,1.20,1.00
2009.02.11 16:13:38.688,1.499,1.4992,1.80,4.80
2009.02.11 16:13:38.968,1.49895,1.49915,1.80,1.00
2009.02.11 16:13:39.259,1.4989,1.49915,3.20,2.80
2009.02.11 16:13:39.608,1.4989,1.49905,3.20,1.00
2009.02.11 16:13:41.598,1.49895,1.49905,3.40,1.00
2009.02.11 16:13:41.918,1.4989,1.49905,3.20,1.00
2009.02.11 16:13:49.276,1.4989,1.49915,3.20,2.80
2009.02.11 16:13:49.536,1.4989,1.49915,1.20,2.80
2009.02.11 16:13:50.056,1.4989,1.499,1.20,1.60
2009.02.11 16:13:50.346,1.4989,1.49915,4.80,1.60
2009.02.11 16:13:50.745,1.49885,1.49925,1.20,2.60
2009.02.11 16:13:51.445,1.4988,1.49915,1.20,4.40
2009.02.11 16:13:51.805,1.4988,1.499,1.20,4.80
2009.02.11 16:13:52.095,1.49885,1.49905,1.80,1.80
2009.02.11 16:13:52.635,1.49885,1.49915,3.20,6.40
2009.02.11 16:13:52.975,1.49885,1.4991,3.20,4.80
2009.02.11 16:13:53.395,1.49885,1.49915,1.20,14.80
2009.02.11 16:13:53.735,1.49875,1.49905,6.60,7.20
2009.02.11 16:13:54.075,1.49875,1.49905,1.20,3.60
2009.02.11 16:13:54.545,1.49875,1.499,1.20,6.40
2009.02.11 16:13:54.945,1.49865,1.4989,4.40,6.40
2009.02.11 16:13:55.295,1.4987,1.4989,1.80,8.20
2009.02.11 16:13:55.874,1.4987,1.4989,1.80,6.40
2009.02.11 16:13:56.714,1.4987,1.4989,1.80,1.60
2009.02.11 16:13:57.014,1.4987,1.49905,3.20,5.60
2009.02.11 16:13:57.544,1.49885,1.49895,1.40,3.20
2009.02.11 16:13:57.884,1.49875,1.4989,4.80,1.80
2009.02.11 16:13:58.284,1.4986,1.4989,3.20,6.40
2009.02.11 16:13:58.643,1.4986,1.4989,4.20,3.40
2009.02.11 16:13:59.034,1.49875,1.499,3.80,6.40
2009.02.11 16:13:59.403,1.4987,1.49905,3.20,2.40
2009.02.11 16:13:59.873,1.4987,1.499,1.80,6.40
2009.02.11 16:14:00.223,1.4988,1.4989,1.80,4.80
2009.02.11 16:14:01.843,1.4988,1.49905,3.20,2.40
2009.02.11 16:14:02.173,1.49875,1.49905,6.60,3.40
2009.02.11 16:14:03.022,1.49875,1.49905,1.20,3.40
2009.02.11 16:14:03.662,1.49885,1.49915,3.20,4.00
2009.02.11 16:14:04.062,1.49885,1.49915,1.20,1.80
2009.02.11 16:14:04.462,1.49885,1.49915,3.20,1.80
2009.02.11 16:14:05.252,1.4989,1.49915,1.20,1.80
2009.02.11 16:14:05.862,1.499,1.49925,1.80,2.60
2009.02.11 16:14:06.262,1.4991,1.4992,1.80,4.80
2009.02.11 16:14:07.062,1.4991,1.4993,1.80,6.40
2009.02.11 16:14:08.761,1.4991,1.49925,1.80,1.80
2009.02.11 16:14:09.221,1.499,1.4992,1.80,6.40
2009.02.11 16:14:09.811,1.499,1.4993,3.20,6.40
2009.02.11 16:14:10.162,1.49905,1.4993,3.20,6.40
2009.02.11 16:14:10.621,1.49905,1.4993,1.20,6.40
2009.02.11 16:14:11.011,1.499,1.4992,1.80,6.40
2009.02.11 16:14:11.770,1.49915,1.4992,1.80,1.00
2009.02.11 16:14:12.150,1.49885,1.4991,16.60,1.60
2009.02.11 16:14:12.510,1.4989,1.49935,1.80,8.20
2009.02.11 16:14:12.890,1.4989,1.4993,1.80,1.60
2009.02.11 16:14:13.340,1.49915,1.49935,1.80,1.60
2009.02.11 16:14:14.900,1.49915,1.4993,1.80,6.40
2009.02.11 16:14:15.529,1.4991,1.4993,4.40,1.00
2009.02.11 16:14:15.869,1.49915,1.4993,1.40,1.00
2009.02.11 16:14:16.080,1.4992,1.49935,3.20,4.80
2009.02.11 16:14:16.419,1.4993,1.4994,1.80,6.40
2009.02.11 16:14:16.649,1.4993,1.49945,1.80,5.00
2009.02.11 16:14:16.939,1.4993,1.49945,1.80,4.80
2009.02.11 16:14:17.349,1.4992,1.49945,1.20,4.80
2009.02.11 16:14:17.799,1.49915,1.49945,1.80,4.80
2009.02.11 16:14:17.969,1.49915,1.49945,1.20,4.80
2009.02.11 16:14:18.190,1.49915,1.49945,3.40,4.80
2009.02.11 16:14:18.649,1.4992,1.49945,3.20,4.80
2009.02.11 16:14:20.598,1.4993,1.49945,1.80,4.80
2009.02.11 16:14:21.748,1.49935,1.4995,1.80,6.40
2009.02.11 16:14:22.098,1.4994,1.49965,1.80,3.40
2009.02.11 16:14:22.568,1.4994,1.49965,1.80,3.40
2009.02.11 16:14:22.858,1.4995,1.49965,1.80,1.40
2009.02.11 16:14:23.268,1.49945,1.49965,3.20,6.20
2009.02.11 16:14:23.608,1.49945,1.49965,3.20,4.80
2009.02.11 16:14:24.637,1.4995,1.4997,1.40,1.00
2009.02.11 16:14:24.967,1.49955,1.4997,2.00,4.80
2009.02.11 16:14:27.586,1.49945,1.49965,3.40,4.80
2009.02.11 16:14:28.036,1.4994,1.49965,6.00,6.40
2009.02.11 16:14:28.436,1.4994,1.49965,3.80,3.20
2009.02.11 16:14:28.776,1.49955,1.4997,1.80,4.80
2009.02.11 16:14:29.716,1.49945,1.49965,3.40,4.80
2009.02.11 16:14:30.186,1.49955,1.4997,1.80,4.80
2009.02.11 16:14:31.805,1.49945,1.49965,3.40,4.80
2009.02.11 16:14:32.465,1.49945,1.49965,2.00,4.80
2009.02.11 16:14:32.745,1.49945,1.49965,3.40,4.80
2009.02.11 16:14:32.865,1.49945,1.49965,4.80,4.80
2009.02.11 16:14:34.545,1.4994,1.49955,2.80,1.40
2009.02.11 16:14:34.885,1.49935,1.49955,1.20,1.00
2009.02.11 16:14:35.235,1.4993,1.49945,1.20,1.00
2009.02.11 16:14:35.855,1.4993,1.49945,1.20,6.40
2009.02.11 16:14:36.384,1.49925,1.4994,6.20,4.80
2009.02.11 16:14:36.684,1.49915,1.4994,1.20,4.80
2009.02.11 16:14:36.925,1.49915,1.49935,1.20,4.80
2009.02.11 16:14:37.514,1.49905,1.49925,6.60,1.00
2009.02.11 16:14:37.794,1.49905,1.4992,1.20,4.80
2009.02.11 16:14:38.204,1.4989,1.49915,1.80,4.80
2009.02.11 16:14:38.434,1.4988,1.49905,1.20,4.80
2009.02.11 16:14:38.824,1.49875,1.49905,6.60,5.20
2009.02.11 16:14:39.234,1.4989,1.49905,1.40,1.20
2009.02.11 16:14:39.854,1.49865,1.49895,6.60,1.00
2009.02.11 16:14:40.073,1.49875,1.49895,3.20,1.00
2009.02.11 16:14:40.545,1.49875,1.49905,3.20,5.20
2009.02.11 16:14:41.233,1.49885,1.49905,1.20,4.80
2009.02.11 16:14:42.623,1.49885,1.4991,1.20,1.60
2009.02.11 16:14:43.033,1.49885,1.4991,4.40,1.60
2009.02.11 16:14:43.283,1.4989,1.49905,3.20,4.80
2009.02.11 16:14:43.583,1.4989,1.49905,1.20,4.80
2009.02.11 16:14:43.863,1.49885,1.49905,4.60,4.80
2009.02.11 16:14:44.502,1.49895,1.4991,1.80,4.80
2009.02.11 16:14:45.192,1.4989,1.49905,1.80,4.80
2009.02.11 16:14:45.662,1.4988,1.49905,1.20,4.80
2009.02.11 16:14:46.822,1.49885,1.49905,1.20,4.80
2009.02.11 16:14:48.842,1.4989,1.49905,1.80,4.80
2009.02.11 16:14:49.361,1.4989,1.49905,3.20,4.80
2009.02.11 16:14:50.901,1.4989,1.49905,3.20,4.80
2009.02.11 16:14:51.371,1.49885,1.49905,1.20,4.80
2009.02.11 16:14:52.281,1.49885,1.49895,1.20,4.80
2009.02.11 16:14:53.810,1.49875,1.49895,6.00,4.80
2009.02.11 16:14:54.490,1.49875,1.49895,1.20,4.80
2009.02.11 16:14:55.960,1.49865,1.49895,10.80,4.80
2009.02.11 16:14:56.480,1.49865,1.49895,7.40,4.80
2009.02.11 16:14:56.860,1.49865,1.49895,1.20,6.60
2009.02.11 16:14:57.079,1.49875,1.49895,3.40,4.80
2009.02.11 16:14:58.829,1.49875,1.49895,4.60,4.80
2009.02.11 16:14:59.309,1.49875,1.49895,1.20,4.80
2009.02.11 16:14:59.929,1.4985,1.49885,2.60,1.00
2009.02.11 16:15:00.549,1.4985,1.49885,5.60,1.00
2009.02.11 16:15:01.008,1.49865,1.49885,1.80,1.00
2009.02.11 16:15:01.609,1.49865,1.49895,6.00,4.80
2009.02.11 16:15:02.988,1.49865,1.49895,6.00,4.80
2009.02.11 16:15:03.968,1.49865,1.4989,6.00,4.80
2009.02.11 16:15:05.117,1.49865,1.4989,4.60,4.80
2009.02.11 16:15:05.297,1.49875,1.4989,3.40,4.80
2009.02.11 16:15:05.927,1.49875,1.49895,3.40,5.20
2009.02.11 16:15:06.507,1.49875,1.49895,3.40,4.80
2009.02.11 16:15:06.907,1.49885,1.499,1.80,4.80
2009.02.11 16:15:07.077,1.49885,1.499,1.80,5.00
2009.02.11 16:15:07.247,1.49875,1.4989,4.00,1.00
2009.02.11 16:15:07.757,1.49875,1.49895,4.60,4.80
2009.02.11 16:15:07.817,1.4988,1.499,1.80,6.40
2009.02.11 16:15:08.327,1.4988,1.49895,1.80,4.80
2009.02.11 16:15:08.556,1.4988,1.499,1.80,6.40
2009.02.11 16:15:11.356,1.4988,1.49895,1.80,1.00
2009.02.11 16:15:11.806,1.4988,1.499,1.80,6.40
2009.02.11 16:15:12.975,1.49875,1.499,5.40,6.40
2009.02.11 16:15:13.255,1.49875,1.499,3.40,6.40
2009.02.11 16:15:13.636,1.49875,1.49895,1.80,1.60
2009.02.11 16:15:14.095,1.49875,1.499,3.40,8.20
2009.02.11 16:15:14.615,1.49875,1.499,3.40,6.40
2009.02.11 16:15:15.195,1.49875,1.49895,3.40,1.00
2009.02.11 16:15:15.825,1.49875,1.49895,1.40,4.80
2009.02.11 16:15:16.945,1.49875,1.49895,3.40,1.00
2009.02.11 16:15:19.604,1.49875,1.499,3.40,6.40
2009.02.11 16:15:20.794,1.49875,1.49895,3.40,1.00
2009.02.11 16:15:22.294,1.49875,1.49895,3.00,1.60
2009.02.11 16:15:22.703,1.4985,1.4988,4.20,1.80
2009.02.11 16:15:23.033,1.4985,1.49895,5.60,1.80
2009.02.11 16:15:23.433,1.4985,1.4989,5.60,1.80
2009.02.11 16:15:23.763,1.49855,1.49885,2.00,1.80
2009.02.11 16:15:24.093,1.4986,1.49885,1.80,1.80
2009.02.11 16:15:24.563,1.4986,1.49895,3.20,1.80
2009.02.11 16:15:25.263,1.4986,1.4989,3.20,6.60
2009.02.11 16:15:25.723,1.4986,1.4989,1.80,6.60
2009.02.11 16:15:26.482,1.4986,1.4989,3.20,6.60
2009.02.11 16:15:26.982,1.4986,1.49895,3.20,1.80
2009.02.11 16:15:27.612,1.4986,1.4989,3.20,4.80
2009.02.11 16:15:27.892,1.4986,1.49895,3.20,1.80
2009.02.11 16:15:28.582,1.4986,1.4989,3.20,6.60
2009.02.11 16:15:29.431,1.4986,1.4989,3.20,1.80
2009.02.11 16:15:29.941,1.4986,1.49895,3.20,1.80
2009.02.11 16:15:34.460,1.4986,1.49885,3.20,1.00
2009.02.11 16:15:35.361,1.4986,1.49885,1.80,1.00
2009.02.11 16:15:36.680,1.49855,1.49885,11.00,5.00
2009.02.11 16:15:37.260,1.4986,1.49885,1.80,2.00
2009.02.11 16:15:37.620,1.4986,1.49885,1.80,1.00
2009.02.11 16:15:40.529,1.49855,1.49885,11.60,5.00
2009.02.11 16:15:41.519,1.49855,1.49885,8.20,6.80
2009.02.11 16:15:42.159,1.49855,1.49885,10.20,6.80
2009.02.11 16:15:43.858,1.4987,1.4989,1.40,1.80
2009.02.11 16:15:44.258,1.49865,1.499,1.80,3.40
2009.02.11 16:15:44.598,1.49865,1.499,4.00,3.40
2009.02.11 16:15:45.028,1.49865,1.499,6.80,1.60
2009.02.11 16:15:45.538,1.49875,1.499,5.40,1.60
2009.02.11 16:15:45.998,1.49875,1.499,3.40,1.60
2009.02.11 16:15:47.457,1.49875,1.499,4.60,1.60
2009.02.11 16:15:47.847,1.49865,1.4989,3.40,4.80
2009.02.11 16:15:48.257,1.49865,1.4989,3.40,6.60
2009.02.11 16:15:48.487,1.4987,1.49895,1.80,1.80
2009.02.11 16:15:49.797,1.49865,1.4989,2.20,5.00
2009.02.11 16:15:50.476,1.49865,1.49885,6.80,1.00
2009.02.11 16:15:51.227,1.49865,1.49895,6.80,4.80
2009.02.11 16:15:51.746,1.4987,1.499,1.80,8.20
2009.02.11 16:15:54.875,1.4987,1.499,1.80,3.40
2009.02.11 16:15:55.355,1.49875,1.49905,2.00,1.80
2009.02.11 16:15:58.585,1.49885,1.49905,2.00,1.80
2009.02.11 16:15:59.044,1.49885,1.4991,2.00,1.80
2009.02.11 16:15:59.834,1.49885,1.499,2.00,6.40
2009.02.11 16:16:00.174,1.4987,1.499,3.20,6.40
2009.02.11 16:16:00.614,1.4987,1.499,1.80,8.20
2009.02.11 16:16:00.894,1.4988,1.49905,7.80,1.60
2009.02.11 16:16:01.244,1.4988,1.4991,7.80,11.80
2009.02.11 16:16:01.774,1.4988,1.49905,5.00,1.60
2009.02.11 16:16:02.674,1.49885,1.4991,1.40,15.00
2009.02.11 16:16:03.024,1.4987,1.499,5.20,8.20
2009.02.11 16:16:03.303,1.4987,1.499,1.80,8.20
2009.02.11 16:16:04.503,1.49875,1.499,2.00,8.20
2009.02.11 16:16:05.243,1.49875,1.499,5.40,3.40
2009.02.11 16:16:06.063,1.4989,1.49925,2.40,6.60
2009.02.11 16:16:06.693,1.4988,1.4992,2.40,1.80
2009.02.11 16:16:07.342,1.49895,1.49915,2.40,1.80
2009.02.11 16:16:08.382,1.49895,1.49925,2.40,1.80
2009.02.11 16:16:08.872,1.49905,1.49925,2.40,1.80
2009.02.11 16:16:09.452,1.49905,1.4993,2.40,6.60
2009.02.11 16:16:09.872,1.49915,1.4993,1.80,7.20
2009.02.11 16:16:10.272,1.49915,1.4993,1.80,4.80
2009.02.11 16:16:10.572,1.49915,1.49935,2.40,1.80
2009.02.11 16:16:11.082,1.49915,1.49925,2.40,1.80
2009.02.11 16:16:11.412,1.49905,1.49925,4.00,1.80
2009.02.11 16:16:12.151,1.49905,1.49935,3.80,1.80
2009.02.11 16:16:12.561,1.49905,1.49935,2.40,1.80
2009.02.11 16:16:14.291,1.49905,1.4994,3.80,1.80
2009.02.11 16:16:14.990,1.49905,1.49935,2.40,1.80
2009.02.11 16:16:15.280,1.49905,1.4993,2.40,8.20
2009.02.11 16:16:15.700,1.49905,1.4993,2.00,8.20
2009.02.11 16:16:17.540,1.499,1.4993,1.80,8.20
2009.02.11 16:16:17.940,1.499,1.4993,1.20,6.40
2009.02.11 16:16:18.120,1.49895,1.49925,2.40,1.80
2009.02.11 16:16:19.040,1.49895,1.49925,3.80,1.80
2009.02.11 16:16:19.430,1.49895,1.49925,2.40,1.80
2009.02.11 16:16:24.768,1.49895,1.4992,2.40,1.80
2009.02.11 16:16:25.248,1.49895,1.49925,2.40,6.60
2009.02.11 16:16:33.256,1.499,1.49925,1.80,1.80
2009.02.11 16:16:33.566,1.49895,1.49925,3.80,4.80
2009.02.11 16:16:34.546,1.49895,1.49925,2.40,6.60
2009.02.11 16:16:34.946,1.4989,1.49915,1.80,5.00
2009.02.11 16:16:35.606,1.4989,1.49915,1.80,2.20
2009.02.11 16:16:36.465,1.4989,1.4992,1.80,9.20
2009.02.11 16:16:36.965,1.4988,1.4991,1.80,8.20
2009.02.11 16:16:37.535,1.49875,1.49895,8.60,4.80
2009.02.11 16:16:38.165,1.4988,1.49905,1.80,4.80
2009.02.11 16:16:39.565,1.4988,1.49895,1.80,1.00
2009.02.11 16:16:40.024,1.4988,1.499,1.80,6.40
2009.02.11 16:16:50.892,1.4988,1.499,1.80,4.80
2009.02.11 16:16:51.172,1.4988,1.49905,1.80,6.60
2009.02.11 16:16:51.652,1.49875,1.49895,5.40,4.80
2009.02.11 16:16:52.222,1.4987,1.4989,1.80,6.40
2009.02.11 16:16:52.691,1.49855,1.4989,4.00,1.80
2009.02.11 16:16:53.381,1.49855,1.4989,5.80,1.80
2009.02.11 16:16:53.791,1.4986,1.49895,1.20,1.80
2009.02.11 16:16:54.512,1.4987,1.4989,1.80,1.80
2009.02.11 16:16:55.451,1.4987,1.499,1.80,13.00
2009.02.11 16:16:55.851,1.49875,1.49905,2.60,1.80
2009.02.11 16:17:01.999,1.49875,1.49895,2.60,4.80
2009.02.11 16:17:02.629,1.49875,1.49895,2.60,6.60
2009.02.11 16:17:02.859,1.4987,1.49895,1.80,4.80
2009.02.11 16:17:03.939,1.4987,1.49895,1.80,6.60
2009.02.11 16:17:04.349,1.4987,1.49895,1.80,4.80
2009.02.11 16:17:05.189,1.4987,1.49895,1.80,5.80
2009.02.11 16:17:05.608,1.49865,1.49885,3.40,4.80
2009.02.11 16:17:05.958,1.4987,1.4989,1.80,6.40
2009.02.11 16:17:06.768,1.4987,1.4989,1.80,8.20
2009.02.11 16:17:07.168,1.4987,1.4989,1.80,6.40
2009.02.11 16:17:07.898,1.49865,1.49885,5.60,4.80
2009.02.11 16:17:08.128,1.49865,1.49885,4.40,4.80
2009.02.11 16:17:09.497,1.49865,1.49885,3.40,4.80
2009.02.11 16:17:11.297,1.49865,1.4989,1.40,1.60
2009.02.11 16:17:11.597,1.49865,1.49885,3.40,4.80
2009.02.11 16:17:16.886,1.49865,1.49885,4.40,4.80
2009.02.11 16:17:17.735,1.49865,1.49885,5.40,4.80
2009.02.11 16:17:21.265,1.49865,1.4988,2.00,4.80
2009.02.11 16:17:21.525,1.49865,1.4988,2.20,4.80
2009.02.11 16:17:23.794,1.49865,1.4988,2.20,6.40
2009.02.11 16:17:24.074,1.49865,1.49875,2.20,4.80
2009.02.11 16:17:24.254,1.49865,1.4988,2.20,6.40
2009.02.11 16:17:24.374,1.49865,1.4988,2.00,6.40
2009.02.11 16:17:24.714,1.49865,1.49885,2.20,1.80
2009.02.11 16:17:25.244,1.49865,1.4989,4.20,4.80
2009.02.11 16:17:25.653,1.49865,1.49895,2.20,2.40
2009.02.11 16:17:26.663,1.4987,1.49895,1.80,6.60
2009.02.11 16:17:27.053,1.49865,1.4989,16.20,4.80
2009.02.11 16:17:27.343,1.49865,1.4989,1.20,6.40
2009.02.11 16:17:28.223,1.49865,1.4989,1.20,8.20
2009.02.11 16:17:29.382,1.4987,1.4989,1.80,8.20
2009.02.11 16:17:29.822,1.4987,1.4989,1.80,6.40
2009.02.11 16:17:32.552,1.49875,1.4989,1.20,6.40
2009.02.11 16:17:32.962,1.49875,1.4989,2.40,4.80
2009.02.11 16:17:33.831,1.4988,1.499,1.80,1.80
2009.02.11 16:17:34.171,1.4989,1.49925,1.20,8.60
2009.02.11 16:17:34.741,1.4989,1.49925,3.20,8.20
2009.02.11 16:17:35.311,1.4989,1.49915,3.20,4.80
2009.02.11 16:17:36.301,1.4989,1.49905,1.20,4.80
2009.02.11 16:17:36.581,1.49885,1.49905,9.00,4.80
2009.02.11 16:17:37.041,1.49885,1.49905,1.80,4.80
2009.02.11 16:17:37.291,1.49885,1.49905,1.80,6.40
2009.02.11 16:17:38.211,1.4987,1.499,3.20,8.20
2009.02.11 16:17:38.721,1.4987,1.499,1.80,8.20
2009.02.11 16:17:42.310,1.4987,1.4989,1.80,4.80
2009.02.11 16:17:42.619,1.4987,1.4989,1.80,6.40
2009.02.11 16:17:44.239,1.49855,1.4989,4.40,8.20
2009.02.11 16:17:44.579,1.49855,1.4989,1.20,8.20
2009.02.11 16:17:44.969,1.4985,1.49885,5.40,1.80
2009.02.11 16:17:46.509,1.4986,1.49885,2.00,1.80
2009.02.11 16:17:47.208,1.49865,1.49895,1.20,2.40
2009.02.11 16:17:48.068,1.4986,1.49895,5.40,4.20
2009.02.11 16:17:48.778,1.49875,1.49895,1.80,4.20
2009.02.11 16:17:49.118,1.4987,1.49895,1.80,1.80
2009.02.11 16:17:49.528,1.4987,1.499,3.20,6.40
2009.02.11 16:17:50.288,1.4987,1.499,1.80,8.20
2009.02.11 16:17:51.067,1.49865,1.49895,1.20,2.40
2009.02.11 16:17:51.407,1.49855,1.4989,3.40,1.80
2009.02.11 16:17:52.508,1.49855,1.49885,2.00,1.80
2009.02.11 16:17:53.157,1.49855,1.4989,3.40,1.80
2009.02.11 16:17:53.447,1.49855,1.49885,3.40,1.80
2009.02.11 16:17:54.027,1.4985,1.49885,5.40,1.80
2009.02.11 16:17:54.316,1.49865,1.49885,3.20,4.20
2009.02.11 16:17:54.607,1.49865,1.4988,3.20,1.80
2009.02.11 16:17:54.946,1.49865,1.4988,3.20,3.40
2009.02.11 16:17:55.127,1.49865,1.4988,3.20,1.60
2009.02.11 16:17:56.296,1.49865,1.4988,1.80,1.60
2009.02.11 16:17:56.626,1.49865,1.4988,1.00,6.40
2009.02.11 16:17:56.796,1.4985,1.4988,1.00,8.20
2009.02.11 16:17:57.036,1.4984,1.49875,5.40,1.80
2009.02.11 16:17:57.536,1.4984,1.4986,5.40,4.80
2009.02.11 16:17:57.996,1.4984,1.4986,1.80,6.40
2009.02.11 16:18:02.724,1.4984,1.4987,1.80,8.20
2009.02.11 16:18:03.024,1.4984,1.4987,1.80,1.80
2009.02.11 16:18:03.194,1.4984,1.49875,3.20,1.80
2009.02.11 16:18:03.484,1.4984,1.49875,3.20,1.80
2009.02.11 16:18:03.904,1.4984,1.49875,1.20,1.80
2009.02.11 16:18:04.374,1.4983,1.4986,2.00,1.80
2009.02.11 16:18:04.834,1.4983,1.49865,3.40,1.80
2009.02.11 16:18:05.124,1.4983,1.4986,2.00,1.80
2009.02.11 16:18:06.654,1.4983,1.49865,3.40,1.80
2009.02.11 16:18:08.083,1.4983,1.4986,3.40,1.80
2009.02.11 16:18:08.583,1.4983,1.49865,3.40,1.80
2009.02.11 16:18:10.453,1.4983,1.4986,2.00,1.80
2009.02.11 16:18:10.853,1.49835,1.4986,2.00,1.80
2009.02.11 16:18:11.193,1.49835,1.49865,2.00,1.80
2009.02.11 16:18:11.762,1.49835,1.4987,3.40,1.80
2009.02.11 16:18:12.103,1.4984,1.49875,1.20,1.80
2009.02.11 16:18:12.662,1.4984,1.49875,1.20,6.60
2009.02.11 16:18:23.699,1.49845,1.49875,1.80,6.60
2009.02.11 16:18:23.819,1.49845,1.49875,5.40,4.80
2009.02.11 16:18:24.969,1.49845,1.4987,5.40,4.80
2009.02.11 16:18:25.249,1.49845,1.4987,3.20,4.80
2009.02.11 16:18:25.479,1.49855,1.49875,1.00,4.80
2009.02.11 16:18:29.688,1.49855,1.49875,1.00,6.60
2009.02.11 16:18:30.078,1.49855,1.4987,1.00,1.80
2009.02.11 16:18:31.047,1.4983,1.49865,3.40,4.00
2009.02.11 16:18:31.407,1.49845,1.49865,3.20,4.00
2009.02.11 16:18:31.737,1.49845,1.49865,1.20,4.00
2009.02.11 16:18:32.157,1.49835,1.49865,10.20,8.80
2009.02.11 16:18:32.798,1.49835,1.49865,11.60,4.80
2009.02.11 16:18:34.217,1.49835,1.49865,14.80,4.80
2009.02.11 16:18:37.006,1.4984,1.4987,1.80,1.80
2009.02.11 16:18:37.246,1.4984,1.4987,5.40,1.80
2009.02.11 16:18:37.596,1.4984,1.49875,5.40,1.80
2009.02.11 16:18:37.776,1.49855,1.49875,1.20,1.80
2009.02.11 16:18:38.186,1.49865,1.4988,1.20,6.40
2009.02.11 16:18:39.576,1.49865,1.4988,1.20,8.20
2009.02.11 16:18:40.006,1.49865,1.4988,1.20,6.40
2009.02.11 16:18:40.465,1.49865,1.4988,1.20,8.20
2009.02.11 16:18:41.165,1.49865,1.49875,1.20,1.80
2009.02.11 16:18:41.625,1.49855,1.49875,1.20,6.60
2009.02.11 16:18:43.115,1.49855,1.49875,1.20,4.80
2009.02.11 16:18:44.384,1.49855,1.4988,1.20,6.40
2009.02.11 16:18:45.244,1.49845,1.49865,4.40,4.80
2009.02.11 16:18:45.704,1.49845,1.49855,1.20,1.60
2009.02.11 16:18:46.394,1.49845,1.4986,1.20,4.80
2009.02.11 16:18:47.524,1.49845,1.49875,1.20,12.80
2009.02.11 16:18:47.994,1.49845,1.4987,1.20,1.80
2009.02.11 16:18:49.033,1.49845,1.4987,1.20,2.80
2009.02.11 16:18:49.513,1.49835,1.49865,2.20,2.80
2009.02.11 16:18:49.743,1.49835,1.4986,1.20,1.80
2009.02.11 16:18:50.093,1.49845,1.4986,1.20,1.80
2009.02.11 16:18:50.683,1.49845,1.49875,2.80,1.80
2009.02.11 16:18:50.913,1.4985,1.4988,1.20,9.20
2009.02.11 16:18:51.373,1.49845,1.49875,1.20,1.80
2009.02.11 16:18:52.343,1.49845,1.4986,1.20,4.80
2009.02.11 16:18:53.552,1.49845,1.49875,1.20,1.80
2009.02.11 16:18:53.963,1.49845,1.49875,1.80,1.80
2009.02.11 16:18:54.362,1.49845,1.4988,3.20,8.20
2009.02.11 16:18:55.572,1.4986,1.49875,1.80,1.00
2009.02.11 16:18:55.931,1.4985,1.4988,1.80,8.20
2009.02.11 16:18:56.102,1.4984,1.4988,3.20,8.20
2009.02.11 16:18:57.821,1.4986,1.4988,1.80,6.40
2009.02.11 16:18:58.761,1.49855,1.4988,3.20,6.40
2009.02.11 16:18:59.301,1.4985,1.4988,1.20,1.60
2009.02.11 16:18:59.651,1.49865,1.4988,1.80,1.60
2009.02.11 16:19:00.231,1.49855,1.4988,3.20,6.40
2009.02.11 16:19:00.710,1.49855,1.4988,1.80,6.40
2009.02.11 16:19:01.060,1.4985,1.4988,3.20,8.20
2009.02.11 16:19:01.930,1.4985,1.4988,1.80,8.20
2009.02.11 16:19:04.310,1.4985,1.49875,1.80,1.80
2009.02.11 16:19:04.599,1.49845,1.49875,6.00,1.80
2009.02.11 16:19:05.389,1.4984,1.49875,1.20,4.20
2009.02.11 16:19:06.199,1.4983,1.49865,5.40,2.40
2009.02.11 16:19:06.539,1.49835,1.49865,1.20,1.00
2009.02.11 16:19:07.169,1.49835,1.49865,1.20,2.40
2009.02.11 16:19:08.179,1.49835,1.49865,1.80,2.40
2009.02.11 16:19:08.588,1.49835,1.49865,3.20,1.00
2009.02.11 16:19:09.148,1.49835,1.49865,5.40,1.00
2009.02.11 16:19:09.678,1.49835,1.49865,1.20,1.00
2009.02.11 16:19:10.188,1.4983,1.49865,1.20,2.40
2009.02.11 16:19:10.869,1.4983,1.4986,1.20,1.80
2009.02.11 16:19:11.368,1.49825,1.4986,3.40,1.80
2009.02.11 16:19:12.638,1.4983,1.49865,1.20,2.40
2009.02.11 16:19:13.417,1.49835,1.49865,1.80,2.40
2009.02.11 16:19:13.937,1.49835,1.49865,1.20,1.00
2009.02.11 16:19:14.277,1.4983,1.49865,1.20,2.40
2009.02.11 16:19:14.637,1.49825,1.4986,3.40,1.80
2009.02.11 16:19:16.696,1.4983,1.49865,1.20,2.40
2009.02.11 16:19:17.107,1.49825,1.4986,3.40,1.80
2009.02.11 16:19:17.976,1.4982,1.49855,3.40,1.80
2009.02.11 16:19:18.547,1.4982,1.49855,1.20,1.80
2009.02.11 16:19:18.886,1.49815,1.49845,1.20,1.00
2009.02.11 16:19:19.226,1.4981,1.49835,1.20,1.00
2009.02.11 16:19:19.616,1.498,1.49835,3.40,1.80
2009.02.11 16:19:20.366,1.49805,1.49835,1.40,1.80
2009.02.11 16:19:20.926,1.498,1.49835,3.20,1.80
2009.02.11 16:19:21.895,1.498,1.4983,3.20,4.80
2009.02.11 16:19:22.246,1.498,1.49825,1.80,1.20
2009.02.11 16:19:25.315,1.4981,1.49825,1.80,1.20
2009.02.11 16:19:26.144,1.49815,1.4985,1.20,9.60
2009.02.11 16:19:26.534,1.4981,1.4984,3.20,1.20
2009.02.11 16:19:27.174,1.49825,1.49835,3.40,1.20
2009.02.11 16:19:27.564,1.498,1.49835,1.20,1.80
2009.02.11 16:19:28.135,1.49795,1.49825,1.80,1.80
2009.02.11 16:19:28.774,1.4979,1.49825,3.20,1.80
2009.02.11 16:19:29.114,1.4979,1.49825,5.40,1.80
2009.02.11 16:19:29.394,1.49795,1.4983,1.20,1.80
2009.02.11 16:19:30.773,1.4981,1.49825,1.80,1.80
2009.02.11 16:19:31.183,1.4981,1.49835,1.80,1.20
2009.02.11 16:19:31.583,1.49815,1.49845,2.00,2.80
2009.02.11 16:19:31.993,1.49815,1.49845,1.20,1.20
2009.02.11 16:19:32.493,1.4981,1.49835,4.80,1.80
2009.02.11 16:19:32.783,1.49805,1.4984,1.20,1.80
2009.02.11 16:19:33.243,1.49805,1.49835,2.00,1.80
2009.02.11 16:19:33.903,1.4981,1.4984,1.20,1.80
2009.02.11 16:19:34.592,1.49805,1.49835,1.20,2.80
2009.02.11 16:19:36.142,1.498,1.49835,3.20,2.80
2009.02.11 16:19:36.602,1.49805,1.49835,1.20,2.80
2009.02.11 16:19:37.062,1.4981,1.49835,1.80,2.80
2009.02.11 16:19:37.812,1.4981,1.49835,3.20,1.20
2009.02.11 16:19:38.212,1.4981,1.49835,3.20,1.20
2009.02.11 16:19:38.581,1.49805,1.49835,7.60,1.20
2009.02.11 16:19:38.931,1.49805,1.49835,1.20,1.20
2009.02.11 16:19:41.041,1.49805,1.49835,1.20,2.80
2009.02.11 16:19:48.089,1.498,1.49835,3.20,2.80
2009.02.11 16:19:48.839,1.49805,1.49835,1.20,1.20
2009.02.11 16:19:49.139,1.4981,1.49835,1.20,1.20
2009.02.11 16:19:49.819,1.49805,1.49835,1.20,1.20
2009.02.11 16:19:50.609,1.4981,1.49835,1.20,1.20
2009.02.11 16:19:50.908,1.49815,1.49835,2.00,1.20
2009.02.11 16:19:51.198,1.49815,1.49835,1.20,1.20
2009.02.11 16:19:51.698,1.49825,1.49835,1.00,1.20
2009.02.11 16:19:52.049,1.49815,1.49835,2.00,1.20
2009.02.11 16:19:52.408,1.49825,1.49835,1.80,1.20
2009.02.11 16:19:52.798,1.49835,1.4985,1.00,6.60
2009.02.11 16:19:53.208,1.49835,1.4985,1.00,4.80
2009.02.11 16:19:54.357,1.49835,1.4985,1.00,6.60
2009.02.11 16:19:59.466,1.49835,1.4985,1.00,4.80
2009.02.11 16:20:01.356,1.49835,1.49845,1.00,1.80
2009.02.11 16:20:01.765,1.498,1.49845,3.20,2.20
2009.02.11 16:20:12.026,1.49815,1.49845,1.20,1.00
2009.02.11 16:20:12.383,1.4981,1.49845,3.20,2.20
2009.02.11 16:20:12.853,1.49815,1.49845,1.20,2.20
2009.02.11 16:20:13.452,1.4981,1.49845,3.20,2.20
2009.02.11 16:20:13.722,1.4981,1.49845,5.40,2.20
2009.02.11 16:20:14.012,1.4981,1.49845,3.20,1.80
2009.02.11 16:20:20.740,1.49815,1.49845,1.80,1.80
2009.02.11 16:20:21.090,1.49815,1.4985,3.20,6.60
2009.02.11 16:20:21.770,1.49815,1.4985,2.80,6.60
2009.02.11 16:20:22.460,1.4983,1.49845,1.80,1.80
2009.02.11 16:20:23.270,1.4982,1.4985,1.20,4.80
2009.02.11 16:20:24.039,1.49815,1.4985,1.20,6.60
2009.02.11 16:20:24.379,1.4981,1.49845,3.20,1.80
2009.02.11 16:20:29.778,1.49815,1.49845,3.20,1.80
2009.02.11 16:20:30.128,1.4981,1.49845,3.20,1.80
2009.02.11 16:20:36.587,1.4981,1.49845,1.20,1.80
2009.02.11 16:20:37.206,1.49795,1.4983,8.20,1.80
2009.02.11 16:20:37.776,1.49795,1.4983,1.20,1.80
2009.02.11 16:20:38.126,1.49795,1.49825,5.60,1.80
2009.02.11 16:20:38.296,1.498,1.4983,1.20,1.80
2009.02.11 16:20:39.726,1.49795,1.4983,1.20,1.80
2009.02.11 16:20:40.126,1.49795,1.49825,2.80,1.80
2009.02.11 16:20:41.176,1.49795,1.49825,1.40,1.80
2009.02.11 16:20:46.055,1.4979,1.49825,3.20,1.80
2009.02.11 16:20:46.334,1.49795,1.49825,1.40,1.80
2009.02.11 16:20:47.315,1.4979,1.49825,3.20,1.80
2009.02.11 16:20:49.883,1.49795,1.49825,1.40,1.80
2009.02.11 16:20:50.183,1.49795,1.4983,2.80,1.80
2009.02.11 16:20:51.793,1.49795,1.49825,2.80,1.80
2009.02.11 16:20:51.973,1.49795,1.49825,1.40,1.80
2009.02.11 16:20:52.423,1.4979,1.49825,3.20,1.80
2009.02.11 16:20:53.332,1.49795,1.49825,1.40,1.80
2009.02.11 16:20:54.622,1.49795,1.4983,2.80,1.80
2009.02.11 16:20:54.972,1.49795,1.49825,2.80,1.80
2009.02.11 16:20:55.322,1.49795,1.4981,1.20,4.80
2009.02.11 16:20:55.772,1.4979,1.4981,1.80,4.80
2009.02.11 16:20:59.161,1.4978,1.4981,5.00,6.60
2009.02.11 16:20:59.391,1.4978,1.4981,1.80,6.60
2009.02.11 16:21:00.851,1.4978,1.49805,1.80,1.00
2009.02.11 16:21:01.730,1.4978,1.4981,1.80,6.60
2009.02.11 16:21:02.560,1.4978,1.498,1.80,4.80
2009.02.11 16:21:03.450,1.4978,1.4979,1.80,4.80
2009.02.11 16:21:04.890,1.49765,1.49795,1.20,7.80
2009.02.11 16:21:05.309,1.49755,1.49785,1.40,1.80
2009.02.11 16:21:06.719,1.4978,1.4979,1.80,7.20
2009.02.11 16:21:06.889,1.4978,1.49795,1.80,1.00
2009.02.11 16:21:07.239,1.4977,1.49795,3.20,1.00
2009.02.11 16:21:07.579,1.49775,1.49805,3.20,1.00
2009.02.11 16:21:07.919,1.49775,1.49805,1.80,2.20
2009.02.11 16:21:08.379,1.49775,1.498,1.80,4.80
2009.02.11 16:21:08.898,1.49775,1.498,1.80,6.60
2009.02.11 16:21:09.239,1.49775,1.498,1.80,4.80
2009.02.11 16:21:10.759,1.49775,1.498,3.20,4.80
2009.02.11 16:21:10.938,1.4977,1.4979,1.80,4.80
2009.02.11 16:21:11.508,1.4977,1.4979,2.00,4.80
2009.02.11 16:21:11.848,1.4976,1.4979,3.20,4.80
2009.02.11 16:21:12.208,1.4976,1.49775,3.20,4.80
2009.02.11 16:21:12.568,1.4975,1.49775,3.20,4.80
2009.02.11 16:21:13.038,1.4975,1.49775,1.80,4.80
2009.02.11 16:21:13.958,1.4975,1.49765,1.80,4.80
2009.02.11 16:21:16.087,1.4975,1.49775,1.80,7.00
2009.02.11 16:21:16.367,1.4975,1.49775,1.80,2.20
2009.02.11 16:21:17.297,1.4975,1.49775,1.80,1.00
2009.02.11 16:21:18.096,1.4975,1.49775,1.80,5.20
2009.02.11 16:21:18.326,1.4975,1.49775,1.80,7.00
2009.02.11 16:21:19.166,1.4975,1.49775,1.80,5.20
2009.02.11 16:21:19.576,1.49745,1.49765,1.20,1.00
2009.02.11 16:21:19.926,1.49745,1.49755,1.00,2.20
2009.02.11 16:21:20.276,1.49735,1.49755,3.20,2.80
2009.02.11 16:21:20.566,1.4974,1.49755,1.80,1.20
2009.02.11 16:21:20.906,1.4974,1.49755,1.80,1.00
2009.02.11 16:21:24.575,1.4974,1.4976,1.80,1.80
2009.02.11 16:21:25.105,1.4974,1.49765,1.80,5.40
2009.02.11 16:21:25.325,1.4974,1.49765,1.80,5.80
2009.02.11 16:21:25.865,1.4974,1.4975,1.80,1.00
2009.02.11 16:21:26.376,1.49715,1.4976,8.00,7.40
2009.02.11 16:21:26.954,1.49725,1.49755,1.80,1.00
2009.02.11 16:21:27.594,1.4972,1.49755,3.20,2.20
2009.02.11 16:21:28.464,1.49725,1.49755,1.20,1.00
2009.02.11 16:21:29.284,1.49725,1.49755,1.20,2.20
2009.02.11 16:21:29.734,1.4973,1.4975,1.80,6.60
2009.02.11 16:21:30.074,1.4973,1.4975,1.80,8.20
2009.02.11 16:21:30.344,1.4973,1.4975,1.80,6.40
2009.02.11 16:21:30.723,1.49735,1.4975,1.40,4.80
2009.02.11 16:21:31.144,1.4972,1.49755,3.20,8.40
2009.02.11 16:21:31.613,1.4973,1.49755,1.20,6.20
2009.02.11 16:21:32.233,1.4972,1.4974,1.20,1.40
2009.02.11 16:21:32.903,1.49715,1.4974,2.80,1.40
2009.02.11 16:21:33.373,1.4971,1.49735,3.20,1.40
2009.02.11 16:21:33.713,1.4971,1.49745,3.20,2.20
2009.02.11 16:21:34.462,1.4971,1.4973,3.20,1.60
2009.02.11 16:21:34.912,1.4971,1.4974,3.20,1.20
2009.02.11 16:21:36.002,1.49715,1.49735,1.20,1.20
2009.02.11 16:21:36.582,1.4971,1.49725,1.80,1.20
2009.02.11 16:21:37.412,1.497,1.4972,1.80,6.40
2009.02.11 16:21:40.391,1.49695,1.49715,3.40,1.80
2009.02.11 16:21:40.681,1.49685,1.49715,1.20,1.00
2009.02.11 16:21:41.081,1.4968,1.4971,1.80,1.80
2009.02.11 16:21:41.521,1.4968,1.49715,3.20,2.60
2009.02.11 16:21:42.101,1.4969,1.497,1.80,4.80
2009.02.11 16:21:42.571,1.4968,1.497,1.80,6.40
2009.02.11 16:21:44.810,1.4968,1.4969,1.80,4.80
2009.02.11 16:21:45.170,1.4967,1.4969,1.80,6.40
2009.02.11 16:21:47.730,1.4967,1.49685,1.80,5.60
2009.02.11 16:21:48.179,1.4963,1.4967,3.20,4.80
2009.02.11 16:21:48.539,1.4963,1.4967,3.20,6.60
2009.02.11 16:21:49.129,1.4964,1.4967,1.80,4.80
2009.02.11 16:21:49.689,1.4965,1.4967,1.80,6.40
2009.02.11 16:21:50.539,1.4965,1.4966,1.80,4.80
2009.02.11 16:21:51.139,1.49635,1.4965,4.60,4.80
2009.02.11 16:21:51.428,1.49635,1.4965,3.40,4.80
2009.02.11 16:21:52.188,1.4963,1.49655,7.40,2.60
2009.02.11 16:21:52.758,1.49585,1.4963,6.60,4.80
2009.02.11 16:21:52.928,1.4959,1.4963,1.20,4.80
2009.02.11 16:21:53.288,1.4959,1.4964,1.20,4.80
2009.02.11 16:21:54.398,1.49585,1.4962,1.20,1.80
2009.02.11 16:21:54.808,1.49585,1.49615,2.00,1.80
2009.02.11 16:21:55.397,1.4958,1.49615,5.40,1.80
2009.02.11 16:21:55.857,1.49595,1.49625,1.80,1.80
2009.02.11 16:21:56.537,1.49595,1.49615,1.80,1.80
2009.02.11 16:21:57.217,1.496,1.49625,1.80,1.80
2009.02.11 16:21:58.027,1.496,1.4962,1.80,4.80
2009.02.11 16:21:58.777,1.496,1.49615,1.80,1.80
2009.02.11 16:21:59.396,1.496,1.4962,1.80,4.80
2009.02.11 16:22:00.666,1.49615,1.49625,1.80,1.80
2009.02.11 16:22:01.346,1.496,1.49625,1.00,1.80
2009.02.11 16:22:01.916,1.49615,1.49635,1.40,1.80
2009.02.11 16:22:04.156,1.4961,1.49635,2.60,6.60
2009.02.11 16:22:04.515,1.4962,1.49635,1.80,1.80
2009.02.11 16:22:04.905,1.4962,1.4964,1.80,1.80
2009.02.11 16:22:05.905,1.4963,1.49645,1.80,1.80
2009.02.11 16:22:06.725,1.4963,1.4965,1.80,4.80
2009.02.11 16:22:08.274,1.4964,1.4965,1.80,4.80
2009.02.11 16:22:08.934,1.49625,1.49645,1.00,1.20
2009.02.11 16:22:09.404,1.49615,1.4963,4.20,6.60
2009.02.11 16:22:10.084,1.4962,1.4964,1.00,1.80
2009.02.11 16:22:10.874,1.49625,1.49635,1.00,1.80
2009.02.11 16:22:11.174,1.49625,1.49635,2.80,1.80
2009.02.11 16:22:12.503,1.49625,1.49645,2.80,1.80
2009.02.11 16:22:12.843,1.49625,1.49655,2.40,1.80
2009.02.11 16:22:13.543,1.49625,1.49655,2.80,1.80
2009.02.11 16:22:14.573,1.49625,1.4965,2.80,1.80
2009.02.11 16:22:15.153,1.49635,1.4965,1.00,1.80
2009.02.11 16:22:15.552,1.49635,1.49655,1.00,1.80
2009.02.11 16:22:16.912,1.49625,1.4964,2.40,1.80
2009.02.11 16:22:17.132,1.49625,1.4964,1.00,2.20
2009.02.11 16:22:17.662,1.49625,1.4965,1.00,1.80
2009.02.11 16:22:17.952,1.49625,1.4965,1.00,6.60
2009.02.11 16:22:18.462,1.49625,1.4964,1.00,1.80
2009.02.11 16:22:18.812,1.49625,1.49635,1.00,1.80
2009.02.11 16:22:19.552,1.496,1.4962,1.60,1.60
2009.02.11 16:22:20.052,1.49585,1.4962,10.20,1.80
2009.02.11 16:22:20.452,1.4957,1.49615,4.80,2.20
2009.02.11 16:22:20.801,1.49555,1.49595,5.60,1.80
2009.02.11 16:22:21.201,1.4957,1.49595,2.00,1.80
2009.02.11 16:22:21.561,1.4957,1.49605,3.40,1.80
2009.02.11 16:22:22.361,1.4957,1.496,1.20,4.80
2009.02.11 16:22:23.051,1.49565,1.49585,2.80,4.80
2009.02.11 16:22:23.811,1.4956,1.49585,1.20,4.80
2009.02.11 16:22:24.340,1.49545,1.49575,4.40,1.80
2009.02.11 16:22:24.690,1.49545,1.4957,3.20,1.80
2009.02.11 16:22:25.030,1.49545,1.4957,3.20,4.80
2009.02.11 16:22:25.320,1.49545,1.49575,3.20,9.60
2009.02.11 16:22:25.850,1.4954,1.4956,3.20,1.00
2009.02.11 16:22:26.310,1.4954,1.49575,1.80,2.20
2009.02.11 16:22:26.710,1.4953,1.49575,1.20,4.40
2009.02.11 16:22:27.290,1.49515,1.4955,2.80,1.80
2009.02.11 16:22:27.769,1.49515,1.49545,1.60,1.80
2009.02.11 16:22:28.570,1.49525,1.49545,1.60,1.80
2009.02.11 16:22:29.849,1.49525,1.49535,1.60,1.80
2009.02.11 16:22:30.079,1.49535,1.4955,1.00,5.40
2009.02.11 16:22:30.419,1.4951,1.49535,4.80,1.80
2009.02.11 16:22:30.879,1.4953,1.4954,2.00,7.20
2009.02.11 16:22:30.999,1.49505,1.4955,6.00,1.80
2009.02.11 16:22:31.229,1.49505,1.4955,2.80,1.80
2009.02.11 16:22:31.339,1.49505,1.49545,1.60,1.80
2009.02.11 16:22:31.989,1.49505,1.49545,3.40,1.80
2009.02.11 16:22:32.509,1.49535,1.4956,1.80,4.80
2009.02.11 16:22:32.969,1.4954,1.4957,1.80,6.60
2009.02.11 16:22:33.278,1.4954,1.4957,1.80,4.80
2009.02.11 16:22:34.748,1.49555,1.49575,1.60,2.20
2009.02.11 16:22:35.148,1.49555,1.4958,1.60,4.80
2009.02.11 16:22:35.498,1.4955,1.4957,1.80,6.60
2009.02.11 16:22:35.828,1.4955,1.4957,1.80,2.20
2009.02.11 16:22:36.178,1.4955,1.4957,1.80,1.80
2009.02.11 16:22:36.587,1.49555,1.4957,1.20,4.80
2009.02.11 16:22:36.977,1.4955,1.4957,1.80,4.80
2009.02.11 16:22:37.257,1.49545,1.49565,1.20,1.00
2009.02.11 16:22:37.717,1.49545,1.49565,1.20,1.80
2009.02.11 16:22:38.127,1.4955,1.4957,1.80,4.80
2009.02.11 16:22:39.357,1.49555,1.4957,1.20,4.80
2009.02.11 16:22:39.697,1.49555,1.49565,1.20,1.80
2009.02.11 16:22:40.217,1.4955,1.49565,1.80,1.80
2009.02.11 16:22:41.227,1.4955,1.4957,1.80,4.80
2009.02.11 16:22:41.736,1.49545,1.49565,2.40,1.80
2009.02.11 16:22:42.036,1.49555,1.49575,1.80,8.60
2009.02.11 16:22:42.956,1.49555,1.49575,1.80,3.80
2009.02.11 16:22:43.416,1.49555,1.4957,1.80,6.60
2009.02.11 16:22:44.026,1.49545,1.49565,7.20,1.80
2009.02.11 16:22:44.326,1.49555,1.49565,1.80,1.80
2009.02.11 16:22:45.195,1.49555,1.4958,1.80,1.80
2009.02.11 16:22:46.395,1.49555,1.4958,2.80,1.80
2009.02.11 16:22:47.085,1.4957,1.49585,1.80,4.80
2009.02.11 16:22:48.055,1.4956,1.49585,11.00,1.20
2009.02.11 16:22:48.404,1.4956,1.49585,10.20,5.80
2009.02.11 16:22:48.744,1.4956,1.49575,1.60,3.40
2009.02.11 16:22:49.224,1.49555,1.49575,1.80,8.20
2009.02.11 16:22:50.304,1.49555,1.49585,4.20,9.00
2009.02.11 16:22:50.604,1.4957,1.49595,1.80,8.20
2009.02.11 16:22:51.564,1.49575,1.4958,1.80,4.80
2009.02.11 16:22:52.204,1.49535,1.4957,1.40,1.80
2009.02.11 16:22:52.783,1.4954,1.49565,1.80,4.80
2009.02.11 16:22:53.353,1.4954,1.4956,10.80,1.00
2009.02.11 16:22:53.633,1.49555,1.49575,1.80,8.20
2009.02.11 16:22:54.793,1.4955,1.49565,1.80,4.80
2009.02.11 16:22:56.213,1.49555,1.49565,1.60,4.80
2009.02.11 16:22:58.523,1.49555,1.49565,3.40,1.00
2009.02.11 16:22:58.912,1.49555,1.49575,4.20,1.80
2009.02.11 16:22:59.382,1.49555,1.49585,4.20,1.80
2009.02.11 16:22:59.782,1.49555,1.49585,4.20,6.60
2009.02.11 16:23:00.373,1.49555,1.49585,5.60,7.00
2009.02.11 16:23:00.782,1.49565,1.49585,1.60,1.80
2009.02.11 16:23:01.501,1.49565,1.49585,2.40,5.00
2009.02.11 16:23:02.251,1.49565,1.49585,3.40,1.80
2009.02.11 16:23:02.901,1.49565,1.4959,3.40,1.80
2009.02.11 16:23:03.071,1.49575,1.49595,1.00,1.80
2009.02.11 16:23:03.401,1.49575,1.49595,1.80,1.80
2009.02.11 16:23:03.871,1.49575,1.496,1.80,7.00
2009.02.11 16:23:04.371,1.49565,1.49595,2.80,5.40
2009.02.11 16:23:04.981,1.49565,1.49585,2.40,5.00
2009.02.11 16:23:05.421,1.49555,1.4957,1.20,4.80
2009.02.11 16:23:05.900,1.4955,1.4958,1.80,2.20
2009.02.11 16:23:06.310,1.4955,1.49595,2.00,8.00
2009.02.11 16:23:06.720,1.49545,1.49575,6.80,1.20
2009.02.11 16:23:07.000,1.49545,1.49565,1.00,1.20
2009.02.11 16:23:07.180,1.49545,1.4955,1.00,4.80
2009.02.11 16:23:07.830,1.49535,1.4955,3.20,4.80
2009.02.11 16:23:08.290,1.4955,1.49555,1.20,1.00
2009.02.11 16:23:08.560,1.49535,1.4956,6.60,5.00
2009.02.11 16:23:08.850,1.4953,1.4956,1.00,5.00
2009.02.11 16:23:09.579,1.49535,1.49545,1.00,4.80
2009.02.11 16:23:09.869,1.4953,1.49545,1.80,4.80
2009.02.11 16:23:11.279,1.4953,1.4956,1.80,7.00
2009.02.11 16:23:12.279,1.4953,1.49555,3.20,5.00
2009.02.11 16:23:12.509,1.4953,1.4956,3.20,4.80
2009.02.11 16:23:13.938,1.4953,1.49555,3.20,4.80
2009.02.11 16:23:14.228,1.4953,1.49555,1.80,4.80
2009.02.11 16:23:14.688,1.4953,1.4956,3.20,4.80
2009.02.11 16:23:15.958,1.4953,1.49555,3.20,4.80
2009.02.11 16:23:16.468,1.49525,1.4955,2.20,1.80
2009.02.11 16:23:17.048,1.495,1.49535,8.40,1.00
2009.02.11 16:23:17.507,1.495,1.4954,5.40,5.00
2009.02.11 16:23:18.257,1.49505,1.4953,6.40,5.00
2009.02.11 16:23:18.727,1.49515,1.4954,3.20,3.40
2009.02.11 16:23:19.137,1.49525,1.4954,1.40,1.80
2009.02.11 16:23:19.367,1.4953,1.4954,1.80,1.80
2009.02.11 16:23:19.827,1.4953,1.4954,2.00,3.40
2009.02.11 16:23:20.337,1.49515,1.4955,6.40,1.80
2009.02.11 16:23:20.737,1.49515,1.49525,1.00,4.80
2009.02.11 16:23:21.147,1.4949,1.4953,5.60,1.00
2009.02.11 16:23:21.497,1.49505,1.4953,3.60,6.40
2009.02.11 16:23:21.897,1.49505,1.4952,2.00,6.40
2009.02.11 16:23:22.136,1.495,1.4952,1.00,6.40
2009.02.11 16:23:23.226,1.49505,1.4952,1.00,6.80
2009.02.11 16:23:23.346,1.495,1.49515,1.80,4.80
2009.02.11 16:23:24.126,1.495,1.4951,1.20,4.80
2009.02.11 16:23:24.856,1.495,1.49515,1.80,5.00
2009.02.11 16:23:25.536,1.495,1.4952,1.80,6.40
2009.02.11 16:23:26.405,1.4951,1.4952,1.20,1.60
2009.02.11 16:23:26.925,1.49515,1.49535,2.20,1.60
2009.02.11 16:23:27.165,1.49505,1.49535,1.00,1.80
2009.02.11 16:23:27.565,1.4951,1.49545,1.20,8.40
2009.02.11 16:23:28.815,1.4951,1.49545,1.20,2.80
2009.02.11 16:23:29.205,1.49515,1.49545,7.60,3.20
2009.02.11 16:23:29.325,1.49515,1.4954,2.20,3.40
2009.02.11 16:23:29.924,1.49515,1.4954,1.40,3.40
2009.02.11 16:23:31.184,1.49515,1.49535,1.40,1.20
2009.02.11 16:23:31.534,1.4951,1.4952,1.80,6.40
2009.02.11 16:23:31.824,1.4951,1.4952,1.80,4.80
2009.02.11 16:23:32.354,1.49505,1.49535,1.40,3.40
2009.02.11 16:23:32.704,1.49515,1.49545,1.00,1.80
2009.02.11 16:23:34.734,1.49515,1.4954,1.00,1.80
2009.02.11 16:23:35.403,1.4952,1.4954,1.80,6.40
2009.02.11 16:23:37.253,1.4952,1.49535,1.80,4.80
2009.02.11 16:23:37.652,1.49505,1.4952,1.20,6.40
2009.02.11 16:23:38.402,1.49505,1.4952,1.00,1.60
2009.02.11 16:23:38.812,1.49515,1.4956,3.20,3.40
2009.02.11 16:23:39.092,1.49505,1.49545,3.40,6.60
2009.02.11 16:23:39.474,1.49505,1.49545,3.40,7.00
2009.02.11 16:23:40.032,1.49505,1.49535,3.40,1.80
2009.02.11 16:23:40.562,1.4951,1.49545,1.20,3.20
2009.02.11 16:23:40.852,1.49515,1.49545,1.20,2.80
2009.02.11 16:23:41.242,1.49515,1.4955,1.20,4.40
2009.02.11 16:23:42.143,1.4952,1.4955,1.20,4.40
2009.02.11 16:23:42.971,1.4952,1.4954,1.20,1.60
2009.02.11 16:23:43.431,1.4951,1.49535,1.20,5.80
2009.02.11 16:23:44.241,1.49505,1.49535,2.00,1.80
2009.02.11 16:23:44.581,1.49505,1.4954,2.00,9.20
2009.02.11 16:23:45.841,1.49505,1.4954,3.40,9.20
2009.02.11 16:23:46.301,1.4952,1.4954,1.80,1.80
2009.02.11 16:23:46.751,1.4952,1.49545,1.80,4.80
2009.02.11 16:23:47.090,1.4952,1.49545,3.20,4.80
2009.02.11 16:23:52.049,1.49525,1.4955,1.40,6.40
2009.02.11 16:23:52.759,1.4953,1.49545,1.80,4.80
2009.02.11 16:23:53.159,1.49525,1.4954,1.80,1.60
2009.02.11 16:23:53.629,1.49525,1.49555,1.20,5.80
2009.02.11 16:23:54.038,1.49515,1.4955,12.60,1.80
2009.02.11 16:23:54.499,1.49515,1.49545,5.60,1.80
2009.02.11 16:23:55.198,1.49515,1.49535,1.80,4.80
2009.02.11 16:23:58.438,1.49505,1.4953,2.00,1.60
2009.02.11 16:23:58.838,1.49495,1.4953,8.40,3.40
2009.02.11 16:23:59.418,1.4951,1.4953,1.80,3.40
2009.02.11 16:23:59.707,1.4951,1.4953,1.80,1.60
2009.02.11 16:23:59.937,1.4951,1.49535,1.80,4.80
2009.02.11 16:24:00.507,1.49515,1.4954,3.20,2.60
2009.02.11 16:24:00.867,1.49515,1.4954,1.80,1.60
2009.02.11 16:24:01.477,1.49515,1.49545,1.80,1.80
2009.02.11 16:24:01.867,1.49515,1.49545,4.80,2.20
2009.02.11 16:24:02.157,1.49515,1.4954,6.20,1.00
2009.02.11 16:24:07.605,1.49515,1.4955,6.20,8.60
2009.02.11 16:24:07.876,1.49515,1.4955,6.60,8.60
2009.02.11 16:24:09.195,1.49515,1.4955,6.60,3.40
2009.02.11 16:24:09.485,1.4952,1.4955,1.20,6.40
2009.02.11 16:24:09.715,1.4954,1.4955,1.80,3.80
2009.02.11 16:24:09.945,1.4953,1.49555,6.40,1.80
2009.02.11 16:24:10.335,1.4954,1.49555,2.00,1.80
2009.02.11 16:24:10.915,1.49555,1.49565,5.40,1.60
2009.02.11 16:24:11.494,1.4957,1.4958,1.80,7.20
2009.02.11 16:24:11.855,1.4958,1.49615,2.80,12.40
2009.02.11 16:24:12.264,1.4958,1.49615,2.80,6.80
2009.02.11 16:24:12.794,1.49585,1.49615,4.60,6.80
2009.02.11 16:24:13.194,1.49585,1.49605,4.60,1.60
2009.02.11 16:24:13.584,1.49595,1.4962,1.00,1.80
2009.02.11 16:24:13.754,1.49585,1.49615,6.00,1.00
2009.02.11 16:24:14.664,1.49585,1.49605,6.00,6.40
2009.02.11 16:24:15.534,1.49585,1.49605,4.60,6.40
2009.02.11 16:24:16.233,1.49585,1.49605,4.00,6.40
2009.02.11 16:24:16.783,1.49585,1.49605,1.80,6.40
2009.02.11 16:24:17.123,1.49585,1.49605,1.80,7.20
2009.02.11 16:24:17.633,1.4958,1.496,1.80,4.80
2009.02.11 16:24:17.853,1.4957,1.49585,1.80,4.80
2009.02.11 16:24:18.143,1.49565,1.49585,2.80,4.80
2009.02.11 16:24:19.053,1.4957,1.49585,1.80,6.40
2009.02.11 16:24:19.573,1.49565,1.4958,2.00,4.80
2009.02.11 16:24:19.872,1.49565,1.4958,1.00,4.80
2009.02.11 16:24:20.512,1.49525,1.4956,6.80,6.40
2009.02.11 16:24:20.862,1.49525,1.4955,3.20,6.40
2009.02.11 16:24:21.412,1.49515,1.4955,1.20,1.00
2009.02.11 16:24:21.812,1.4951,1.4953,3.20,4.80
2009.02.11 16:24:22.122,1.4951,1.49525,3.20,1.00
2009.02.11 16:24:22.342,1.49535,1.4955,1.80,6.60
2009.02.11 16:24:22.632,1.4953,1.4955,3.00,1.80
2009.02.11 16:24:22.862,1.49515,1.49555,1.00,1.80
2009.02.11 16:24:23.272,1.4953,1.4957,1.20,6.00
2009.02.11 16:24:23.872,1.49535,1.49565,1.00,3.20
2009.02.11 16:24:24.211,1.49545,1.4957,1.20,1.20
2009.02.11 16:24:26.091,1.49545,1.4956,1.20,5.80
2009.02.11 16:24:26.381,1.49535,1.4956,1.20,5.80
2009.02.11 16:24:26.791,1.49525,1.49555,2.00,1.20
2009.02.11 16:24:27.201,1.49525,1.4954,2.00,1.00
2009.02.11 16:24:27.601,1.49535,1.49555,1.20,10.00
2009.02.11 16:24:27.950,1.49525,1.4954,1.00,1.80
2009.02.11 16:24:28.290,1.4951,1.49535,1.80,1.80
2009.02.11 16:24:29.020,1.4951,1.4953,1.80,4.80
2009.02.11 16:24:29.360,1.4951,1.4953,1.80,6.40
2009.02.11 16:24:32.179,1.49515,1.4953,1.00,6.40
2009.02.11 16:24:32.899,1.49515,1.4953,1.00,1.00
2009.02.11 16:24:33.929,1.4952,1.49545,1.20,1.00
2009.02.11 16:24:34.339,1.4953,1.4956,1.20,7.60
2009.02.11 16:24:35.039,1.49525,1.4956,1.20,7.60
2009.02.11 16:24:36.068,1.49525,1.49555,1.20,1.80
2009.02.11 16:24:36.838,1.4952,1.49555,1.20,2.80
2009.02.11 16:24:37.468,1.49525,1.49555,1.20,1.20
2009.02.11 16:24:37.768,1.49525,1.49555,1.20,1.20
2009.02.11 16:24:40.808,1.49525,1.4956,1.20,8.00
2009.02.11 16:24:41.507,1.49525,1.4956,1.20,7.00
2009.02.11 16:24:42.417,1.49525,1.49545,1.20,5.00
2009.02.11 16:24:43.047,1.4952,1.4954,1.80,4.80
2009.02.11 16:24:43.566,1.4952,1.4954,1.80,6.40
2009.02.11 16:24:44.397,1.4952,1.4955,1.80,8.20
2009.02.11 16:24:44.807,1.49525,1.4955,1.20,6.40
2009.02.11 16:24:48.196,1.49525,1.4955,2.40,6.40
2009.02.11 16:24:49.925,1.4954,1.4955,1.80,4.80
2009.02.11 16:24:50.215,1.49515,1.49545,3.20,4.80
2009.02.11 16:24:50.495,1.49515,1.49545,3.20,5.00
2009.02.11 16:24:51.255,1.49515,1.4955,3.20,6.40
2009.02.11 16:24:53.004,1.4952,1.49545,3.20,4.80
2009.02.11 16:24:54.164,1.4952,1.49545,3.20,5.00
2009.02.11 16:24:56.584,1.4952,1.49545,3.20,4.80
2009.02.11 16:24:56.983,1.4952,1.4955,3.20,6.40
2009.02.11 16:25:02.062,1.4952,1.49535,3.20,1.40
2009.02.11 16:25:02.572,1.4952,1.49525,1.80,1.80
2009.02.11 16:25:02.862,1.49515,1.4954,1.20,6.40
2009.02.11 16:25:03.032,1.4951,1.4954,2.00,6.40
2009.02.11 16:25:03.142,1.49505,1.4954,1.80,8.20
2009.02.11 16:25:04.052,1.49505,1.4954,1.20,8.20
2009.02.11 16:25:05.261,1.49505,1.4954,1.20,1.80
2009.02.11 16:25:05.311,1.49505,1.4954,1.20,2.80
2009.02.11 16:25:06.311,1.49515,1.4954,1.20,1.20
2009.02.11 16:25:07.741,1.49515,1.4954,1.20,1.20
2009.02.11 16:25:07.981,1.49515,1.4954,1.20,1.00
2009.02.11 16:25:08.331,1.49515,1.49545,1.20,1.20
2009.02.11 16:25:09.780,1.49515,1.4954,1.20,1.00
2009.02.11 16:25:10.300,1.49515,1.4954,1.20,1.20
2009.02.11 16:25:11.000,1.4951,1.49535,1.20,4.80
2009.02.11 16:25:11.360,1.49505,1.4952,4.80,1.00
2009.02.11 16:25:11.820,1.495,1.4952,1.20,1.00
2009.02.11 16:25:12.220,1.49495,1.4951,1.20,1.00
2009.02.11 16:25:12.620,1.49485,1.49505,1.80,1.00
2009.02.11 16:25:13.729,1.4949,1.49505,1.20,1.00
2009.02.11 16:25:14.999,1.4949,1.49515,1.20,1.00
2009.02.11 16:25:15.289,1.49505,1.49515,1.20,1.00
2009.02.11 16:25:15.679,1.4951,1.49525,1.20,5.80
2009.02.11 16:25:16.199,1.4951,1.49525,1.20,1.00
2009.02.11 16:25:16.699,1.4952,1.49535,1.20,1.00
2009.02.11 16:25:16.989,1.49515,1.49535,6.60,1.00
2009.02.11 16:25:17.388,1.49515,1.49535,1.20,5.00
2009.02.11 16:25:17.838,1.49505,1.49535,1.80,1.00
2009.02.11 16:25:18.519,1.49515,1.49535,1.20,1.00
2009.02.11 16:25:19.028,1.4952,1.49535,1.20,1.00
2009.02.11 16:25:19.418,1.49505,1.49535,1.80,1.00
2009.02.11 16:25:20.668,1.49515,1.49535,1.20,1.00
2009.02.11 16:25:22.277,1.4952,1.49535,3.20,1.00
2009.02.11 16:25:23.307,1.4952,1.49545,3.20,1.00
2009.02.11 16:25:24.697,1.4952,1.49545,3.20,1.00
2009.02.11 16:25:25.976,1.49525,1.49545,1.00,1.00
2009.02.11 16:25:26.536,1.4952,1.49545,3.20,1.00
2009.02.11 16:25:28.906,1.4952,1.49545,3.20,1.00
2009.02.11 16:25:29.686,1.4952,1.49545,3.20,1.00
2009.02.11 16:25:30.085,1.4952,1.49545,1.20,1.00
2009.02.11 16:25:30.945,1.4952,1.49545,1.20,1.00
2009.02.11 16:25:31.415,1.4952,1.49535,1.20,1.00
2009.02.11 16:25:31.755,1.4953,1.4954,1.80,4.80
2009.02.11 16:25:34.235,1.4953,1.49545,1.80,1.00
2009.02.11 16:25:35.474,1.4953,1.49545,1.80,1.00
2009.02.11 16:25:35.804,1.4953,1.49545,1.80,1.00
2009.02.11 16:25:35.984,1.4953,1.49545,3.20,1.00
2009.02.11 16:25:38.013,1.4953,1.49545,1.80,1.00
2009.02.11 16:25:39.583,1.4953,1.49545,1.80,5.00
2009.02.11 16:25:39.873,1.4953,1.49545,1.80,5.20
2009.02.11 16:25:41.353,1.49525,1.4954,2.20,1.00
2009.02.11 16:25:41.692,1.49525,1.4954,3.40,4.80
2009.02.11 16:25:42.262,1.49525,1.49535,1.00,4.80
2009.02.11 16:25:42.562,1.49515,1.49535,1.80,5.00
2009.02.11 16:25:43.122,1.49515,1.49535,1.00,5.20
2009.02.11 16:25:43.242,1.49515,1.49535,1.00,7.20
2009.02.11 16:25:44.102,1.49515,1.49525,1.00,1.00
2009.02.11 16:25:44.402,1.49515,1.49525,1.00,1.80
2009.02.11 16:25:45.092,1.49515,1.49525,1.00,6.60
2009.02.11 16:25:45.791,1.495,1.49525,1.80,6.80
2009.02.11 16:25:45.902,1.495,1.49525,1.80,5.00
2009.02.11 16:25:46.811,1.495,1.49525,1.80,6.80
2009.02.11 16:25:47.151,1.49495,1.49525,3.80,2.00
2009.02.11 16:25:47.451,1.495,1.49525,1.80,7.20
2009.02.11 16:25:48.061,1.495,1.4951,1.80,1.00
2009.02.11 16:25:48.681,1.495,1.4952,1.80,1.80
2009.02.11 16:25:49.261,1.495,1.49525,3.20,1.00
2009.02.11 16:25:49.601,1.495,1.49525,1.80,5.00
2009.02.11 16:25:50.411,1.495,1.49515,1.80,4.80
2009.02.11 16:25:50.851,1.495,1.49515,1.80,5.00
2009.02.11 16:25:51.650,1.495,1.49515,1.80,4.80
2009.02.11 16:25:51.990,1.49495,1.49515,1.80,1.00
2009.02.11 16:25:52.330,1.49495,1.4951,1.00,1.00
2009.02.11 16:25:52.670,1.49495,1.49515,1.40,5.20
2009.02.11 16:25:53.470,1.4947,1.49505,1.80,5.80
2009.02.11 16:25:53.810,1.4946,1.495,1.80,2.80
2009.02.11 16:25:54.460,1.49465,1.495,1.20,1.20
2009.02.11 16:25:55.320,1.49465,1.495,1.80,2.80
2009.02.11 16:25:55.729,1.49465,1.495,1.80,3.20
2009.02.11 16:25:56.299,1.49465,1.495,1.80,2.80
2009.02.11 16:25:56.649,1.49475,1.49505,1.20,6.00
2009.02.11 16:25:57.009,1.49475,1.49505,1.20,1.20
2009.02.11 16:25:58.319,1.49475,1.4951,1.80,2.80
2009.02.11 16:25:59.528,1.49475,1.4951,1.80,1.80
2009.02.11 16:25:59.908,1.49475,1.49505,2.40,1.80
2009.02.11 16:26:00.308,1.4948,1.49515,1.20,1.80
2009.02.11 16:26:00.718,1.49485,1.49515,1.20,1.80
2009.02.11 16:26:02.168,1.49485,1.4952,1.80,9.20
2009.02.11 16:26:02.338,1.49485,1.49515,1.80,1.80
2009.02.11 16:26:04.067,1.4948,1.49515,3.20,2.80
2009.02.11 16:26:04.417,1.4948,1.49515,3.20,7.60
2009.02.11 16:26:04.757,1.49475,1.49505,7.40,6.00
2009.02.11 16:26:05.117,1.49475,1.49505,1.00,2.80
2009.02.11 16:26:05.517,1.49465,1.495,1.80,2.80
2009.02.11 16:26:05.987,1.49465,1.495,3.40,2.80
2009.02.11 16:26:06.437,1.49465,1.495,1.80,2.80
2009.02.11 16:26:06.667,1.49465,1.495,1.80,3.20
2009.02.11 16:26:07.367,1.49465,1.49495,1.80,1.80
2009.02.11 16:26:07.876,1.49465,1.4948,1.80,1.00
2009.02.11 16:26:08.276,1.4945,1.4948,3.20,6.40
2009.02.11 16:26:08.556,1.4945,1.4948,3.20,8.20
2009.02.11 16:26:08.906,1.49455,1.4948,1.00,8.20
2009.02.11 16:26:09.386,1.4946,1.4948,1.80,8.20
2009.02.11 16:26:09.826,1.4946,1.4948,1.80,6.40
2009.02.11 16:26:14.135,1.49465,1.4948,1.80,6.40
2009.02.11 16:26:14.845,1.4946,1.4948,1.80,6.40
2009.02.11 16:26:19.033,1.49465,1.4948,1.80,6.40
2009.02.11 16:26:19.383,1.4947,1.4948,1.80,4.80
2009.02.11 16:26:20.203,1.49465,1.49505,14.20,6.60
2009.02.11 16:26:20.533,1.4947,1.49505,1.20,4.80
2009.02.11 16:26:21.003,1.49465,1.495,1.00,1.80
2009.02.11 16:26:21.773,1.49465,1.49495,1.00,2.80
2009.02.11 16:26:22.173,1.49465,1.49485,1.00,1.80
2009.02.11 16:26:22.673,1.49465,1.4948,1.00,6.60
2009.02.11 16:26:23.373,1.4945,1.4948,1.80,6.60
2009.02.11 16:26:24.282,1.49455,1.4948,1.80,6.60
2009.02.11 16:26:24.572,1.49455,1.49485,2.20,1.80
2009.02.11 16:26:24.872,1.4946,1.4949,1.20,1.80
2009.02.11 16:26:25.162,1.4946,1.49495,1.20,2.80
2009.02.11 16:26:25.732,1.49455,1.4949,3.60,1.80
2009.02.11 16:26:26.592,1.49455,1.49485,3.60,1.80
2009.02.11 16:26:27.122,1.4947,1.4949,1.80,1.80
2009.02.11 16:26:27.462,1.4947,1.495,1.80,3.40
2009.02.11 16:26:27.982,1.4947,1.49495,1.80,4.80
2009.02.11 16:26:28.731,1.4947,1.49495,1.80,1.80
2009.02.11 16:26:29.091,1.49465,1.49495,3.20,1.80
