2011.10.06 22:00:00.337,1.2368,1.23716,0.63,0.75
2011.10.06 22:00:01.004,1.23681,1.23706,0.75,0.75
2011.10.06 22:00:01.346,1.23681,1.23701,0.63,0.75
2011.10.06 22:00:01.905,1.2368,1.23701,0.63,0.75
2011.10.06 22:00:02.492,1.23681,1.23701,1.38,0.75
2011.10.06 22:00:08.255,1.23681,1.237,0.63,0.75
2011.10.06 22:00:08.758,1.23679,1.237,0.63,0.75
2011.10.06 22:00:09.315,1.23679,1.23699,0.63,0.75
2011.10.06 22:00:10.515,1.23679,1.23696,0.63,0.75
2011.10.06 22:00:12.165,1.23679,1.23695,0.63,0.75
2011.10.06 22:00:12.771,1.23679,1.23696,0.63,0.75
2011.10.06 22:00:14.981,1.23686,1.23735,0.22,0.75
2011.10.06 22:00:15.925,1.23685,1.23735,0.22,0.75
2011.10.06 22:00:16.046,1.23686,1.23729,0.75,0.75
2011.10.06 22:00:17.106,1.23686,1.23725,0.22,0.75
2011.10.06 22:00:17.445,1.23686,1.23722,0.22,0.75
2011.10.06 22:00:19.566,1.23686,1.23701,0.22,0.75
2011.10.06 22:00:20.016,1.23688,1.23701,0.75,0.75
2011.10.06 22:00:20.138,1.23688,1.23704,0.75,0.75
2011.10.06 22:00:21.576,1.23688,1.23703,0.75,0.75
2011.10.06 22:00:21.695,1.23685,1.23703,0.75,0.75
2011.10.06 22:00:21.817,1.23685,1.23707,0.75,0.75
2011.10.06 22:00:25.076,1.23683,1.23702,0.75,0.75
2011.10.06 22:00:25.439,1.23683,1.237,0.75,0.75
2011.10.06 22:00:27.819,1.23686,1.23707,0.22,0.75
2011.10.06 22:00:27.936,1.23686,1.23735,0.22,0.75
2011.10.06 22:00:28.056,1.23686,1.23739,0.22,0.75
2011.10.06 22:00:28.286,1.23688,1.23738,0.75,0.75
2011.10.06 22:00:29.047,1.23688,1.23732,0.75,0.75
2011.10.06 22:00:29.385,1.2369,1.23729,0.75,0.75
2011.10.06 22:00:30.966,1.23688,1.23725,0.75,0.75
2011.10.06 22:00:31.634,1.23686,1.23724,0.75,0.75
2011.10.06 22:00:32.105,1.23686,1.23721,0.75,0.75
2011.10.06 22:00:32.665,1.23686,1.2372,0.75,0.75
2011.10.06 22:00:33.130,1.23683,1.23716,0.75,0.75
2011.10.06 22:00:34.134,1.23686,1.23719,0.75,0.75
2011.10.06 22:00:35.488,1.23688,1.2372,0.75,0.75
2011.10.06 22:00:35.726,1.2369,1.2373,0.75,0.75
2011.10.06 22:00:35.849,1.23688,1.23738,0.75,0.75
2011.10.06 22:00:36.077,1.23691,1.23743,0.75,0.75
2011.10.06 22:00:36.415,1.23697,1.23741,0.75,0.75
2011.10.06 22:00:38.035,1.23692,1.23739,0.75,0.75
2011.10.06 22:00:39.587,1.2369,1.23742,0.75,0.75
2011.10.06 22:00:40.197,1.23691,1.23743,0.75,0.75
2011.10.06 22:00:40.315,1.23696,1.23743,0.75,0.75
2011.10.06 22:00:42.704,1.23698,1.23734,0.75,0.75
2011.10.06 22:00:43.560,1.23697,1.23733,0.75,0.75
2011.10.06 22:00:43.675,1.23692,1.23734,0.75,1.50
2011.10.06 22:00:44.016,1.23692,1.23731,0.75,0.75
2011.10.06 22:00:44.655,1.23695,1.23731,0.75,0.75
2011.10.06 22:00:46.507,1.237,1.23731,0.75,0.75
2011.10.06 22:00:48.306,1.23699,1.2373,0.75,0.75
2011.10.06 22:00:48.644,1.23699,1.23727,0.75,0.75
2011.10.06 22:00:50.565,1.23701,1.23727,0.75,0.75
2011.10.06 22:00:51.896,1.23699,1.23727,0.75,0.75
2011.10.06 22:00:52.235,1.23699,1.23729,0.75,0.75
2011.10.06 22:00:52.792,1.23696,1.23728,0.75,0.75
2011.10.06 22:00:54.315,1.23696,1.23725,0.75,0.75
2011.10.06 22:00:54.556,1.23692,1.23724,0.75,0.75
2011.10.06 22:00:57.111,1.2369,1.23717,0.75,0.75
2011.10.06 22:00:58.327,1.23689,1.23717,0.75,1.50
2011.10.06 22:00:58.922,1.23691,1.23713,0.75,0.75
2011.10.06 22:00:59.053,1.23689,1.23713,0.75,0.75
2011.10.06 22:00:59.736,1.23686,1.23712,0.75,0.75
2011.10.06 22:00:59.856,1.23688,1.23713,0.75,0.75
2011.10.06 22:01:00.092,1.23684,1.2371,0.75,0.75
2011.10.06 22:01:00.209,1.23683,1.23708,0.63,0.75
2011.10.06 22:01:00.328,1.23679,1.23705,0.75,0.75
2011.10.06 22:01:00.451,1.23681,1.23707,0.75,0.75
2011.10.06 22:01:01.661,1.23679,1.23705,1.38,1.50
2011.10.06 22:01:01.887,1.23679,1.23705,1.38,1.50
2011.10.06 22:01:02.837,1.23679,1.23705,1.38,1.50
2011.10.06 22:01:04.486,1.23674,1.23702,1.72,1.50
2011.10.06 22:01:05.336,1.23674,1.23702,1.72,1.50
2011.10.06 22:01:05.463,1.23675,1.23702,1.72,1.50
2011.10.06 22:01:06.187,1.23675,1.23702,1.50,1.50
2011.10.06 22:01:07.656,1.23674,1.237,1.72,1.50
2011.10.06 22:01:08.356,1.23673,1.237,2.35,1.50
2011.10.06 22:01:08.586,1.23673,1.23701,2.35,1.50
2011.10.06 22:01:10.639,1.23673,1.23699,1.60,1.50
2011.10.06 22:01:11.464,1.2367,1.23698,2.35,1.50
2011.10.06 22:01:12.067,1.2367,1.23698,1.60,1.50
2011.10.06 22:01:12.703,1.2367,1.23698,1.50,1.50
2011.10.06 22:01:13.050,1.2367,1.23697,1.50,1.50
2011.10.06 22:01:14.382,1.23707,1.23711,2.25,1.50
2011.10.06 22:01:14.502,1.23707,1.23713,2.25,1.16
2011.10.06 22:01:15.092,1.23676,1.237,1.13,1.50
2011.10.06 22:01:15.209,1.23673,1.237,1.50,1.50
2011.10.06 22:01:16.328,1.23676,1.23708,1.50,2.25
2011.10.06 22:01:16.558,1.23677,1.23716,1.50,1.16
2011.10.06 22:01:16.677,1.23677,1.23726,1.50,1.50
2011.10.06 22:01:16.908,1.23677,1.23726,1.50,1.50
2011.10.06 22:01:18.813,1.23677,1.23726,1.72,1.50
2011.10.06 22:01:19.179,1.23686,1.23731,1.60,2.25
2011.10.06 22:01:19.409,1.23692,1.23747,1.50,1.50
2011.10.06 22:01:22.058,1.23692,1.23748,1.50,1.50
2011.10.06 22:01:22.618,1.23688,1.23749,3.10,1.50
2011.10.06 22:01:22.737,1.23688,1.23749,1.60,1.50
2011.10.06 22:01:22.860,1.23722,1.23749,3.00,1.50
2011.10.06 22:01:22.980,1.23725,1.2376,1.50,1.20
2011.10.06 22:01:23.101,1.23726,1.23763,2.25,3.75
2011.10.06 22:01:23.219,1.23732,1.23763,2.63,1.50
2011.10.06 22:01:23.342,1.23734,1.23771,1.50,1.50
2011.10.06 22:01:24.448,1.23741,1.2377,1.13,1.50
2011.10.06 22:01:25.438,1.23744,1.2377,1.13,1.50
2011.10.06 22:01:26.030,1.23742,1.2377,3.00,1.50
2011.10.06 22:01:26.150,1.23734,1.23762,4.50,1.50
2011.10.06 22:01:26.269,1.23727,1.2376,1.50,1.50
2011.10.06 22:01:26.838,1.23722,1.23761,2.25,1.50
2011.10.06 22:01:27.958,1.23719,1.2376,2.25,1.50
2011.10.06 22:01:28.190,1.2373,1.23762,2.25,1.50
2011.10.06 22:01:28.551,1.23733,1.23762,1.50,1.50
2011.10.06 22:01:28.788,1.23733,1.23762,1.50,1.50
2011.10.06 22:01:30.602,1.23741,1.23769,1.50,3.00
2011.10.06 22:01:30.720,1.23747,1.23774,1.50,3.00
2011.10.06 22:01:30.840,1.23747,1.23774,1.50,3.00
2011.10.06 22:01:30.958,1.23747,1.23774,1.50,3.00
2011.10.06 22:01:31.427,1.23747,1.23774,1.50,3.75
2011.10.06 22:01:32.317,1.23747,1.23774,1.50,3.75
2011.10.06 22:01:32.878,1.23746,1.23772,1.50,1.13
2011.10.06 22:01:33.269,1.23744,1.23772,3.00,1.13
2011.10.06 22:01:35.460,1.23744,1.23773,3.75,3.00
2011.10.06 22:01:35.578,1.23749,1.23771,2.25,1.50
2011.10.06 22:01:35.700,1.23749,1.23776,3.00,1.50
2011.10.06 22:01:36.654,1.23748,1.23773,1.50,1.50
2011.10.06 22:01:37.012,1.23745,1.2377,2.25,1.50
2011.10.06 22:01:37.263,1.23708,1.23757,1.22,2.25
2011.10.06 22:01:37.392,1.23696,1.23757,1.50,2.25
2011.10.06 22:01:37.639,1.23687,1.23758,1.38,2.63
2011.10.06 22:01:45.060,1.23688,1.23758,2.35,2.25
2011.10.06 22:01:45.520,1.23698,1.2376,1.50,2.25
2011.10.06 22:01:47.291,1.23701,1.23761,1.50,2.25
2011.10.06 22:01:49.339,1.23701,1.23761,1.72,2.25
2011.10.06 22:01:49.688,1.23719,1.23763,1.50,2.25
2011.10.06 22:01:52.492,1.23745,1.23773,3.00,2.25
2011.10.06 22:01:58.049,1.23745,1.23774,3.75,3.75
2011.10.06 22:02:04.510,1.23749,1.23774,1.50,3.75
2011.10.06 22:02:05.626,1.23749,1.23777,3.75,1.50
2011.10.06 22:02:06.453,1.23751,1.23777,1.39,1.50
2011.10.06 22:02:07.371,1.23747,1.23773,1.50,1.50
2011.10.06 22:02:07.720,1.23744,1.23774,3.75,1.50
2011.10.06 22:02:08.145,1.23718,1.23758,1.50,2.25
2011.10.06 22:02:08.722,1.23716,1.23762,1.50,2.25
2011.10.06 22:02:10.621,1.23716,1.23762,1.72,2.25
2011.10.06 22:02:10.968,1.23745,1.23774,3.00,3.75
2011.10.06 22:02:23.011,1.23745,1.23773,3.00,2.25
2011.10.06 22:02:23.127,1.23745,1.23774,3.00,3.75
2011.10.06 22:02:24.237,1.23746,1.23774,1.50,3.75
2011.10.06 22:02:26.929,1.23746,1.23774,1.50,3.00
2011.10.06 22:02:27.279,1.23752,1.23777,2.25,1.50
2011.10.06 22:02:29.890,1.23752,1.23774,1.50,3.00
2011.10.06 22:02:32.614,1.23761,1.23774,1.50,2.25
2011.10.06 22:02:32.743,1.2377,1.23788,2.25,1.50
2011.10.06 22:02:33.629,1.23771,1.23793,2.25,1.50
2011.10.06 22:02:37.697,1.23771,1.23793,2.25,1.50
2011.10.06 22:02:37.820,1.23772,1.23798,1.50,1.50
2011.10.06 22:02:38.058,1.23774,1.23798,3.00,1.50
2011.10.06 22:02:39.588,1.23774,1.23798,3.00,1.50
2011.10.06 22:02:39.831,1.23764,1.2379,1.50,1.50
2011.10.06 22:02:40.072,1.23755,1.23782,1.50,4.50
2011.10.06 22:02:40.432,1.2373,1.23756,1.50,2.25
2011.10.06 22:02:40.779,1.23747,1.2376,0.75,3.00
2011.10.06 22:02:41.339,1.2374,1.2376,0.75,3.00
2011.10.06 22:02:41.469,1.23689,1.2376,1.72,1.50
2011.10.06 22:02:41.588,1.23686,1.23758,3.97,2.25
2011.10.06 22:02:42.149,1.23689,1.23758,1.72,2.25
2011.10.06 22:02:42.718,1.23696,1.23758,3.97,2.25
2011.10.06 22:02:42.953,1.23698,1.2376,1.50,3.00
2011.10.06 22:02:43.639,1.23698,1.2376,1.72,3.00
2011.10.06 22:02:43.977,1.23699,1.23761,1.72,1.50
2011.10.06 22:02:44.097,1.23699,1.23768,3.22,1.50
2011.10.06 22:02:49.091,1.237,1.23762,1.72,1.50
2011.10.06 22:02:49.212,1.23697,1.23758,1.72,1.50
2011.10.06 22:02:49.333,1.23696,1.23755,2.25,1.50
2011.10.06 22:02:49.460,1.23691,1.23755,1.72,1.50
2011.10.06 22:02:49.580,1.23691,1.23754,1.72,1.50
2011.10.06 22:02:50.271,1.23697,1.23763,1.72,1.50
2011.10.06 22:02:50.728,1.23696,1.23764,3.22,1.50
2011.10.06 22:02:50.847,1.237,1.23762,1.72,2.25
2011.10.06 22:02:50.967,1.23696,1.23764,3.22,1.35
2011.10.06 22:02:51.088,1.23699,1.23748,1.72,1.50
2011.10.06 22:02:52.099,1.23698,1.23754,1.72,1.50
2011.10.06 22:02:52.218,1.23698,1.23754,1.72,1.50
2011.10.06 22:02:52.777,1.23696,1.23754,3.22,1.50
2011.10.06 22:02:53.129,1.23692,1.23749,1.72,1.50
2011.10.06 22:02:53.361,1.23692,1.23749,1.50,1.50
2011.10.06 22:02:55.123,1.2372,1.23745,2.25,2.25
2011.10.06 22:02:55.242,1.2372,1.23748,2.25,2.25
2011.10.06 22:02:55.359,1.2372,1.23748,3.00,2.25
2011.10.06 22:02:57.075,1.2372,1.23748,3.00,2.25
2011.10.06 22:02:59.647,1.2372,1.23752,3.00,2.25
2011.10.06 22:03:02.613,1.2372,1.23752,3.00,2.25
2011.10.06 22:03:02.739,1.23721,1.23755,1.50,2.25
2011.10.06 22:03:07.412,1.23726,1.2376,1.50,2.25
2011.10.06 22:03:07.533,1.23726,1.23763,1.50,1.50
2011.10.06 22:03:07.783,1.23726,1.23763,1.50,1.50
2011.10.06 22:03:08.137,1.23726,1.23761,1.50,2.25
2011.10.06 22:03:09.929,1.23726,1.23763,1.50,1.50
2011.10.06 22:03:10.276,1.23728,1.23763,2.25,1.50
2011.10.06 22:03:10.815,1.23726,1.23763,1.50,1.50
2011.10.06 22:03:10.945,1.23727,1.23763,2.25,1.50
2011.10.06 22:03:11.408,1.23726,1.23763,3.00,1.50
2011.10.06 22:03:12.992,1.23726,1.23763,1.50,3.00
2011.10.06 22:03:14.940,1.23726,1.2376,1.50,2.25
2011.10.06 22:03:16.550,1.23726,1.23763,1.50,3.00
2011.10.06 22:03:17.099,1.23726,1.23763,1.50,1.50
2011.10.06 22:03:17.756,1.23726,1.23763,3.00,1.50
2011.10.06 22:03:17.885,1.23726,1.23763,1.50,3.00
2011.10.06 22:03:18.016,1.23725,1.23757,1.50,2.25
2011.10.06 22:03:18.380,1.23726,1.23759,1.50,2.25
2011.10.06 22:03:18.502,1.23725,1.23757,1.50,2.25
2011.10.06 22:03:20.540,1.23726,1.23759,1.50,2.25
2011.10.06 22:03:21.232,1.23724,1.23758,1.50,2.25
2011.10.06 22:03:22.758,1.23725,1.23761,2.25,2.25
2011.10.06 22:03:22.880,1.23714,1.23761,2.25,2.25
2011.10.06 22:03:23.246,1.237,1.23764,1.50,1.50
2011.10.06 22:03:23.850,1.23703,1.23762,1.50,2.25
2011.10.06 22:03:24.080,1.237,1.23762,3.00,2.25
2011.10.06 22:03:24.310,1.23695,1.23759,2.25,2.25
2011.10.06 22:03:25.798,1.23695,1.23751,2.25,2.25
2011.10.06 22:03:26.805,1.23704,1.23745,2.25,1.50
2011.10.06 22:03:27.169,1.23705,1.23742,2.25,1.50
2011.10.06 22:03:28.216,1.237,1.23741,2.25,1.50
2011.10.06 22:03:28.350,1.23694,1.23741,2.25,1.50
2011.10.06 22:03:32.857,1.23694,1.23741,2.25,3.00
2011.10.06 22:03:34.399,1.23697,1.23737,2.25,1.50
2011.10.06 22:03:34.958,1.23693,1.23737,2.25,1.50
2011.10.06 22:03:35.910,1.23691,1.23747,4.50,1.50
2011.10.06 22:03:36.140,1.23691,1.23745,3.00,1.50
2011.10.06 22:03:37.625,1.23697,1.23737,2.25,1.50
2011.10.06 22:03:38.513,1.23701,1.23736,2.25,1.50
2011.10.06 22:03:38.869,1.23704,1.23736,2.25,1.50
2011.10.06 22:03:39.429,1.23701,1.23733,4.50,1.50
2011.10.06 22:03:40.014,1.23696,1.23731,2.25,1.50
2011.10.06 22:03:40.599,1.23695,1.23731,2.25,1.50
2011.10.06 22:03:40.718,1.23695,1.23731,2.25,1.50
2011.10.06 22:03:42.198,1.23726,1.23746,1.50,1.16
2011.10.06 22:03:44.230,1.23692,1.23754,3.00,1.50
2011.10.06 22:03:45.318,1.23735,1.23754,2.25,1.50
2011.10.06 22:03:45.443,1.23735,1.23764,2.25,1.13
2011.10.06 22:03:45.573,1.23735,1.23768,2.25,1.50
2011.10.06 22:03:45.700,1.23735,1.23767,2.25,1.13
2011.10.06 22:03:46.050,1.23735,1.23761,2.25,1.50
2011.10.06 22:03:46.412,1.23737,1.23761,2.25,1.50
2011.10.06 22:03:46.535,1.23737,1.23754,3.00,1.13
2011.10.06 22:03:46.659,1.2373,1.23754,1.50,1.13
2011.10.06 22:03:46.902,1.2373,1.23754,1.50,1.13
2011.10.06 22:03:47.315,1.2372,1.23754,2.25,1.13
2011.10.06 22:03:47.445,1.23715,1.23753,1.50,1.88
2011.10.06 22:03:47.692,1.23696,1.2376,1.60,1.50
2011.10.06 22:03:47.811,1.23695,1.2376,1.38,1.50
2011.10.06 22:03:48.051,1.23691,1.23764,2.47,1.13
2011.10.06 22:03:48.865,1.2369,1.23762,2.47,1.13
2011.10.06 22:03:52.018,1.23695,1.23762,2.25,1.13
2011.10.06 22:03:52.382,1.23699,1.23763,2.25,1.88
2011.10.06 22:03:52.503,1.23693,1.23759,2.25,1.13
2011.10.06 22:03:52.630,1.23696,1.23763,2.25,1.13
2011.10.06 22:03:52.749,1.23687,1.23763,2.47,1.13
2011.10.06 22:03:52.980,1.23697,1.23731,2.25,1.50
2011.10.06 22:03:53.220,1.23688,1.2373,2.25,1.50
2011.10.06 22:03:56.426,1.237,1.23734,3.00,1.50
2011.10.06 22:03:58.341,1.237,1.23734,3.22,1.50
2011.10.06 22:03:58.700,1.23732,1.23766,2.25,1.13
2011.10.06 22:04:00.502,1.23733,1.23773,2.25,3.00
2011.10.06 22:04:00.952,1.23728,1.23765,1.50,1.50
2011.10.06 22:04:01.198,1.23726,1.23764,1.50,1.50
2011.10.06 22:04:01.538,1.23728,1.23764,1.50,1.50
2011.10.06 22:04:03.199,1.23729,1.23766,1.50,1.50
2011.10.06 22:04:03.429,1.23729,1.23766,3.75,1.50
2011.10.06 22:04:03.998,1.23738,1.23766,1.50,1.50
2011.10.06 22:04:04.232,1.2373,1.23763,2.25,1.13
2011.10.06 22:04:04.470,1.23671,1.23756,2.47,1.13
2011.10.06 22:04:04.894,1.23671,1.23756,1.72,1.13
2011.10.06 22:04:05.865,1.2368,1.23753,1.72,1.50
2011.10.06 22:04:06.208,1.2368,1.23747,1.72,1.50
2011.10.06 22:04:07.220,1.2368,1.23742,1.72,3.00
2011.10.06 22:04:07.887,1.23681,1.23734,1.72,1.50
2011.10.06 22:04:09.097,1.23688,1.23734,1.50,1.50
2011.10.06 22:04:09.459,1.23719,1.23744,3.14,1.50
2011.10.06 22:04:11.620,1.23713,1.23743,1.50,2.25
2011.10.06 22:04:11.741,1.23694,1.23757,2.25,2.25
2011.10.06 22:04:11.859,1.23687,1.2376,1.72,1.13
2011.10.06 22:04:12.938,1.23686,1.23748,3.22,1.50
2011.10.06 22:04:14.109,1.23687,1.23745,2.47,2.25
2011.10.06 22:04:15.354,1.23688,1.23738,1.72,1.50
2011.10.06 22:04:16.250,1.23718,1.23744,1.50,2.25
2011.10.06 22:04:16.478,1.23716,1.23748,1.50,1.50
2011.10.06 22:04:18.619,1.23689,1.23764,2.47,1.50
2011.10.06 22:04:19.268,1.23689,1.23761,2.47,1.50
2011.10.06 22:04:19.915,1.23698,1.23752,2.25,3.00
2011.10.06 22:04:20.161,1.2368,1.23752,1.72,2.25
2011.10.06 22:04:20.402,1.23693,1.23749,1.50,2.25
2011.10.06 22:04:20.759,1.23695,1.23744,1.50,1.50
2011.10.06 22:04:21.111,1.23695,1.23744,1.50,1.50
2011.10.06 22:04:21.478,1.23698,1.23744,2.25,1.50
2011.10.06 22:04:21.828,1.23696,1.23744,2.25,1.50
2011.10.06 22:04:23.729,1.23698,1.23744,2.25,1.50
2011.10.06 22:04:25.097,1.23696,1.23756,2.25,1.16
2011.10.06 22:04:25.658,1.23705,1.23759,1.50,1.50
2011.10.06 22:04:26.048,1.23709,1.2376,1.50,1.50
2011.10.06 22:04:26.675,1.23731,1.23763,1.50,3.00
2011.10.06 22:04:26.800,1.23733,1.23763,1.50,1.50
2011.10.06 22:04:26.920,1.23733,1.23769,1.50,2.25
2011.10.06 22:04:27.046,1.23732,1.23775,1.50,2.25
2011.10.06 22:04:28.410,1.23732,1.23775,1.50,2.25
2011.10.06 22:04:28.530,1.23732,1.23767,1.50,1.50
2011.10.06 22:04:28.868,1.23736,1.23765,1.50,1.50
2011.10.06 22:04:30.148,1.23737,1.23765,1.50,1.50
2011.10.06 22:04:31.190,1.23748,1.23774,1.50,1.50
2011.10.06 22:04:31.549,1.23748,1.23778,1.50,1.50
2011.10.06 22:04:33.070,1.23752,1.23781,2.25,2.25
2011.10.06 22:04:33.608,1.23758,1.23785,3.00,1.29
2011.10.06 22:04:33.738,1.23756,1.23795,1.38,1.50
2011.10.06 22:04:33.865,1.23749,1.23794,18.75,1.50
2011.10.06 22:04:34.210,1.2372,1.23794,1.34,1.50
2011.10.06 22:04:36.670,1.23726,1.23797,1.34,1.50
2011.10.06 22:04:37.007,1.23727,1.23791,1.72,1.50
2011.10.06 22:04:38.820,1.23729,1.23792,1.72,1.50
2011.10.06 22:04:39.168,1.23737,1.23792,1.72,1.50
2011.10.06 22:04:39.518,1.23737,1.23792,1.72,1.50
2011.10.06 22:04:41.428,1.23737,1.23793,1.72,2.25
2011.10.06 22:04:41.555,1.23739,1.23795,1.72,1.50
2011.10.06 22:04:41.685,1.2374,1.23795,1.72,1.50
2011.10.06 22:04:43.118,1.23735,1.23793,1.50,1.50
2011.10.06 22:04:43.939,1.23734,1.23793,1.72,1.50
2011.10.06 22:04:44.876,1.23735,1.23793,1.50,1.50
2011.10.06 22:04:45.009,1.23741,1.23794,1.50,1.50
2011.10.06 22:04:46.989,1.23739,1.23795,3.22,1.50
2011.10.06 22:04:47.233,1.23732,1.23795,1.50,1.50
2011.10.06 22:04:47.480,1.23729,1.23795,3.75,1.88
2011.10.06 22:04:47.720,1.23713,1.23792,2.09,1.50
2011.10.06 22:04:48.998,1.23713,1.23792,1.34,1.50
2011.10.06 22:04:49.557,1.23713,1.23792,1.72,1.50
2011.10.06 22:04:50.010,1.23711,1.23793,2.35,1.50
2011.10.06 22:04:50.590,1.23709,1.23793,1.34,1.13
2011.10.06 22:04:51.299,1.23709,1.23781,1.34,1.29
2011.10.06 22:04:51.638,1.23719,1.2377,2.47,1.50
2011.10.06 22:04:52.667,1.23715,1.2377,2.47,1.50
2011.10.06 22:04:55.436,1.23718,1.23771,2.47,1.50
2011.10.06 22:05:02.429,1.23714,1.2377,2.47,1.50
2011.10.06 22:05:04.269,1.23711,1.23767,2.47,1.50
2011.10.06 22:05:05.358,1.23714,1.23768,2.25,1.50
2011.10.06 22:05:05.912,1.23716,1.23769,2.25,1.50
2011.10.06 22:05:07.938,1.23716,1.23769,2.25,1.50
2011.10.06 22:05:08.178,1.2371,1.23763,2.25,1.50
2011.10.06 22:05:08.659,1.23706,1.23763,2.25,1.50
2011.10.06 22:05:10.491,1.23702,1.23758,3.00,1.50
2011.10.06 22:05:10.848,1.23702,1.23751,1.50,1.13
2011.10.06 22:05:12.764,1.23704,1.23756,1.72,1.50
2011.10.06 22:05:12.892,1.23715,1.23754,2.25,1.88
2011.10.06 22:05:13.012,1.23702,1.23754,1.50,1.88
2011.10.06 22:05:13.132,1.23703,1.23754,1.72,1.50
2011.10.06 22:05:13.250,1.23715,1.23766,2.47,1.50
2011.10.06 22:05:13.370,1.23715,1.23766,2.47,1.50
2011.10.06 22:05:16.271,1.23715,1.23766,2.47,1.50
2011.10.06 22:05:16.937,1.2372,1.23766,1.72,1.50
2011.10.06 22:05:17.279,1.23726,1.23769,3.10,1.50
2011.10.06 22:05:17.820,1.23728,1.23769,2.25,1.50
2011.10.06 22:05:18.779,1.23727,1.23766,2.25,1.50
2011.10.06 22:05:19.370,1.23727,1.23766,2.25,1.50
2011.10.06 22:05:19.600,1.23749,1.23766,2.25,1.50
2011.10.06 22:05:19.721,1.23749,1.23769,2.25,2.25
2011.10.06 22:05:19.960,1.23749,1.23769,2.25,1.50
2011.10.06 22:05:24.680,1.23754,1.23769,2.25,1.50
2011.10.06 22:05:24.804,1.23742,1.23769,3.00,1.50
2011.10.06 22:05:25.049,1.23742,1.23769,3.75,1.50
2011.10.06 22:05:25.170,1.23742,1.23769,3.00,1.50
2011.10.06 22:05:25.529,1.23743,1.23762,0.75,1.50
2011.10.06 22:05:25.758,1.23712,1.23759,1.50,1.50
2011.10.06 22:05:26.476,1.23708,1.23759,2.25,1.50
2011.10.06 22:05:29.864,1.23706,1.23769,2.25,2.25
2011.10.06 22:05:30.619,1.23703,1.23769,2.25,2.25
2011.10.06 22:05:30.740,1.23703,1.23765,1.50,1.50
2011.10.06 22:05:31.078,1.23704,1.23757,2.25,1.50
2011.10.06 22:05:31.859,1.2371,1.23745,2.25,1.50
2011.10.06 22:05:32.988,1.23706,1.23742,2.25,1.50
2011.10.06 22:05:33.848,1.23706,1.2374,2.25,1.50
2011.10.06 22:05:35.092,1.23703,1.23738,3.00,1.50
2011.10.06 22:05:35.830,1.23703,1.23738,1.50,1.50
2011.10.06 22:05:36.170,1.23701,1.23733,2.25,1.50
2011.10.06 22:05:36.291,1.23699,1.23731,1.50,1.50
2011.10.06 22:05:38.020,1.23701,1.23734,1.50,1.50
2011.10.06 22:05:38.267,1.23704,1.23734,1.72,1.50
2011.10.06 22:05:38.394,1.23712,1.23736,1.50,1.50
2011.10.06 22:05:38.748,1.23719,1.23749,2.25,1.91
2011.10.06 22:05:38.870,1.23719,1.23749,2.25,1.50
2011.10.06 22:05:39.890,1.23719,1.23749,2.25,1.50
2011.10.06 22:05:41.378,1.23689,1.23733,2.25,2.25
2011.10.06 22:05:41.729,1.23686,1.23726,2.25,2.25
2011.10.06 22:05:41.850,1.23681,1.23729,2.25,2.25
2011.10.06 22:05:42.199,1.23677,1.23729,3.00,2.25
2011.10.06 22:05:42.770,1.23711,1.2374,1.50,1.50
2011.10.06 22:05:43.995,1.23711,1.23741,1.50,1.50
2011.10.06 22:05:45.021,1.23708,1.2373,1.50,1.50
2011.10.06 22:05:45.139,1.23678,1.2373,3.00,1.50
2011.10.06 22:05:45.369,1.23678,1.2373,3.00,1.50
2011.10.06 22:05:46.067,1.23678,1.23725,3.00,1.50
2011.10.06 22:05:46.409,1.23681,1.23726,3.22,1.50
2011.10.06 22:05:46.967,1.23681,1.2373,3.22,1.50
2011.10.06 22:05:48.021,1.23694,1.23732,1.50,2.25
2011.10.06 22:05:48.143,1.2372,1.23737,2.25,1.50
2011.10.06 22:05:48.272,1.23689,1.23741,2.25,1.50
2011.10.06 22:05:48.392,1.23687,1.2374,3.75,2.25
2011.10.06 22:05:48.510,1.23685,1.23746,2.25,2.25
2011.10.06 22:05:48.628,1.23684,1.23746,1.72,3.75
2011.10.06 22:05:49.300,1.2369,1.23739,1.72,1.50
2011.10.06 22:05:49.648,1.23724,1.23751,2.25,1.50
2011.10.06 22:05:49.988,1.23724,1.23754,2.25,1.50
2011.10.06 22:05:50.109,1.23724,1.23754,2.25,1.50
2011.10.06 22:05:50.690,1.23723,1.23754,2.25,1.50
2011.10.06 22:05:50.927,1.23723,1.23759,3.00,1.50
2011.10.06 22:05:52.270,1.23722,1.23764,3.00,1.50
2011.10.06 22:05:52.848,1.23722,1.23761,3.00,1.50
2011.10.06 22:05:54.163,1.23727,1.23773,2.25,1.50
2011.10.06 22:05:54.279,1.23722,1.23774,3.22,1.50
2011.10.06 22:05:54.525,1.23722,1.23752,4.50,1.29
2011.10.06 22:05:54.879,1.23722,1.23747,3.00,1.50
2011.10.06 22:05:59.530,1.23722,1.23747,3.00,1.50
2011.10.06 22:06:06.346,1.23722,1.23747,3.00,1.50
2011.10.06 22:06:06.469,1.23719,1.23747,2.25,1.50
2011.10.06 22:06:06.590,1.23719,1.23747,2.25,1.50
2011.10.06 22:06:06.711,1.23713,1.23746,2.25,1.50
2011.10.06 22:06:06.829,1.23707,1.23746,2.25,1.50
2011.10.06 22:06:07.168,1.23705,1.23746,2.25,1.50
2011.10.06 22:06:10.128,1.237,1.23744,2.47,1.50
2011.10.06 22:06:10.467,1.23702,1.23746,2.47,1.50
2011.10.06 22:06:16.748,1.23712,1.23746,2.25,1.50
2011.10.06 22:06:17.331,1.23715,1.23747,1.38,1.50
2011.10.06 22:06:22.567,1.23712,1.23747,2.25,1.50
2011.10.06 22:06:48.698,1.2371,1.23744,2.25,1.50
2011.10.06 22:06:54.973,1.2371,1.23744,2.25,1.50
2011.10.06 22:06:55.088,1.23705,1.23741,2.25,1.50
2011.10.06 22:06:56.107,1.23702,1.23738,2.25,1.50
2011.10.06 22:06:57.268,1.23699,1.23735,2.25,1.50
2011.10.06 22:06:59.917,1.23702,1.23738,2.25,1.50
2011.10.06 22:07:00.580,1.23705,1.23753,2.25,1.29
2011.10.06 22:07:00.699,1.23699,1.23764,2.47,1.50
2011.10.06 22:07:01.870,1.23699,1.23758,3.10,1.50
2011.10.06 22:07:02.870,1.23699,1.23758,1.60,1.50
2011.10.06 22:07:03.777,1.23699,1.23752,3.10,1.50
2011.10.06 22:07:05.098,1.23699,1.23747,1.60,1.50
2011.10.06 22:07:07.428,1.23699,1.23747,1.38,1.50
2011.10.06 22:07:07.992,1.23701,1.23744,2.25,1.50
2011.10.06 22:07:17.227,1.23701,1.2375,2.25,1.50
2011.10.06 22:07:17.350,1.23701,1.23766,2.25,1.50
2011.10.06 22:07:17.468,1.23707,1.2377,2.25,1.13
2011.10.06 22:07:19.789,1.23703,1.23769,2.47,1.50
2011.10.06 22:07:22.368,1.23703,1.23769,2.47,1.50
2011.10.06 22:07:22.708,1.23705,1.23762,2.25,1.50
2011.10.06 22:07:23.092,1.23708,1.23761,2.25,1.50
2011.10.06 22:07:23.647,1.23704,1.23759,2.25,1.50
2011.10.06 22:07:25.497,1.23704,1.23759,2.25,1.50
2011.10.06 22:07:25.840,1.23702,1.23757,2.25,1.50
2011.10.06 22:07:28.126,1.23705,1.23755,2.25,1.50
2011.10.06 22:07:28.519,1.23705,1.23753,2.25,1.50
2011.10.06 22:07:29.038,1.23703,1.23752,2.25,1.50
2011.10.06 22:07:32.267,1.23699,1.2375,2.88,1.50
2011.10.06 22:07:33.427,1.23707,1.23762,2.25,5.25
2011.10.06 22:07:33.767,1.23707,1.23766,2.25,1.13
2011.10.06 22:07:34.404,1.23707,1.2377,2.25,1.50
2011.10.06 22:07:34.859,1.23707,1.23757,2.25,1.50
2011.10.06 22:07:38.166,1.23707,1.23757,2.25,1.50
2011.10.06 22:07:43.375,1.23707,1.23763,2.25,3.00
2011.10.06 22:07:43.499,1.23707,1.23766,2.25,1.50
2011.10.06 22:07:43.732,1.23706,1.23771,2.25,1.50
2011.10.06 22:07:45.299,1.23708,1.23764,2.25,1.50
2011.10.06 22:07:45.667,1.23708,1.23758,2.25,1.50
2011.10.06 22:07:48.099,1.23708,1.23758,2.25,1.50
2011.10.06 22:07:48.217,1.23706,1.23757,2.25,1.50
2011.10.06 22:07:49.539,1.23702,1.23755,2.47,1.50
2011.10.06 22:07:50.768,1.23702,1.23763,2.47,3.00
2011.10.06 22:07:50.889,1.23705,1.23767,2.25,1.16
2011.10.06 22:07:51.009,1.23705,1.23771,2.25,2.25
2011.10.06 22:07:51.778,1.23708,1.23771,2.25,1.50
2011.10.06 22:07:58.093,1.23708,1.23771,2.88,1.50
2011.10.06 22:07:58.428,1.2371,1.23761,2.25,1.50
2011.10.06 22:08:13.459,1.23709,1.23758,2.25,1.50
2011.10.06 22:08:16.790,1.23708,1.23756,1.38,1.50
2011.10.06 22:08:17.249,1.23706,1.23754,1.38,1.50
2011.10.06 22:08:20.533,1.23706,1.23761,1.38,1.13
2011.10.06 22:08:20.648,1.23706,1.23757,1.38,1.50
2011.10.06 22:08:20.988,1.23706,1.23744,2.88,1.50
2011.10.06 22:08:21.443,1.23706,1.23742,1.38,1.50
2011.10.06 22:08:21.570,1.23706,1.23743,1.38,1.50
2011.10.06 22:08:21.809,1.23699,1.23743,1.38,1.50
2011.10.06 22:08:22.039,1.23705,1.23742,2.25,1.50
2011.10.06 22:08:23.065,1.23705,1.23742,2.25,1.50
2011.10.06 22:08:23.189,1.23703,1.23737,2.25,1.50
2011.10.06 22:08:23.310,1.237,1.23736,2.25,1.50
2011.10.06 22:08:23.760,1.23698,1.23734,2.25,1.50
2011.10.06 22:08:23.999,1.23695,1.23732,1.50,1.50
2011.10.06 22:08:27.860,1.23692,1.2373,4.50,1.50
2011.10.06 22:08:28.198,1.23693,1.23727,2.25,1.50
2011.10.06 22:08:31.140,1.23701,1.23731,1.50,3.41
2011.10.06 22:08:31.262,1.23708,1.23732,1.50,3.41
2011.10.06 22:08:31.386,1.2372,1.23737,2.25,1.50
2011.10.06 22:08:31.514,1.2372,1.23744,3.00,1.28
2011.10.06 22:08:31.642,1.2372,1.23744,3.00,1.28
2011.10.06 22:08:32.363,1.2372,1.23744,3.00,1.28
2011.10.06 22:08:32.817,1.23725,1.2375,1.38,1.50
2011.10.06 22:08:32.940,1.23725,1.23751,1.38,1.50
2011.10.06 22:08:34.529,1.23727,1.23751,2.25,1.50
2011.10.06 22:08:34.650,1.23727,1.23773,2.25,1.50
2011.10.06 22:08:34.770,1.23729,1.23771,2.25,1.50
2011.10.06 22:08:35.117,1.23734,1.23769,2.25,1.50
2011.10.06 22:08:37.389,1.23734,1.23769,2.25,1.50
2011.10.06 22:08:37.632,1.23736,1.23768,2.25,1.50
2011.10.06 22:08:37.980,1.23736,1.23768,2.25,1.50
2011.10.06 22:08:38.396,1.23744,1.23778,2.25,1.50
2011.10.06 22:08:41.131,1.23744,1.23778,2.25,1.50
2011.10.06 22:08:41.361,1.23749,1.23781,2.25,1.50
2011.10.06 22:08:41.478,1.23749,1.23781,2.25,1.50
2011.10.06 22:08:43.443,1.23749,1.23781,2.25,1.88
2011.10.06 22:08:43.680,1.23749,1.23781,2.25,1.50
2011.10.06 22:08:44.302,1.23748,1.23781,2.25,2.25
2011.10.06 22:08:44.684,1.23748,1.23781,2.25,2.25
2011.10.06 22:08:45.540,1.23748,1.23781,2.25,2.25
2011.10.06 22:08:46.761,1.23748,1.23781,2.25,2.25
2011.10.06 22:08:50.378,1.23746,1.23778,2.25,1.50
2011.10.06 22:08:55.509,1.23746,1.23778,1.50,1.50
2011.10.06 22:08:55.870,1.2374,1.23767,2.25,1.50
2011.10.06 22:09:00.347,1.2374,1.23767,2.25,1.50
2011.10.06 22:09:01.248,1.2374,1.23767,2.25,1.50
2011.10.06 22:09:01.909,1.2374,1.23767,2.25,1.50
2011.10.06 22:09:02.364,1.23743,1.23766,2.25,1.50
2011.10.06 22:09:02.940,1.23743,1.23766,2.25,1.50
2011.10.06 22:09:15.509,1.23743,1.23766,3.00,1.50
2011.10.06 22:09:17.990,1.23743,1.23766,3.00,1.50
2011.10.06 22:09:22.389,1.23743,1.23766,3.00,1.50
2011.10.06 22:09:23.884,1.23744,1.23766,3.00,1.50
2011.10.06 22:09:24.568,1.23743,1.23766,3.00,1.50
2011.10.06 22:09:27.768,1.23743,1.23768,3.00,1.50
2011.10.06 22:09:27.889,1.23744,1.23777,1.50,1.50
2011.10.06 22:09:28.009,1.23745,1.23779,2.25,1.50
2011.10.06 22:09:28.568,1.23748,1.23781,2.25,2.25
2011.10.06 22:09:29.360,1.23745,1.2377,2.25,1.50
2011.10.06 22:09:33.944,1.23745,1.2377,2.25,1.50
2011.10.06 22:09:34.310,1.23749,1.23782,2.25,2.25
2011.10.06 22:09:34.911,1.23749,1.23782,2.25,2.25
2011.10.06 22:09:36.578,1.23745,1.23777,2.25,1.50
2011.10.06 22:09:42.628,1.23741,1.23775,2.25,1.50
2011.10.06 22:09:43.112,1.23728,1.23767,2.25,1.50
2011.10.06 22:09:43.670,1.23728,1.23767,2.25,1.50
2011.10.06 22:09:45.069,1.2373,1.23764,2.25,1.50
2011.10.06 22:09:46.323,1.23734,1.23766,2.25,1.50
2011.10.06 22:09:46.678,1.23738,1.23772,2.25,1.50
2011.10.06 22:09:47.103,1.23742,1.23774,2.25,1.50
2011.10.06 22:09:48.026,1.23742,1.23774,2.25,1.50
2011.10.06 22:09:48.393,1.23736,1.23764,1.60,0.75
2011.10.06 22:09:48.520,1.23734,1.23764,1.72,0.75
2011.10.06 22:09:48.640,1.23734,1.23802,1.34,1.16
2011.10.06 22:09:49.846,1.23734,1.23805,1.34,2.25
2011.10.06 22:09:51.657,1.23735,1.2381,1.97,1.50
2011.10.06 22:09:53.568,1.23735,1.23808,1.34,2.25
2011.10.06 22:10:00.529,1.23734,1.23813,1.22,2.25
2011.10.06 22:10:01.317,1.23745,1.23806,2.47,2.25
2011.10.06 22:10:02.510,1.23745,1.23811,2.47,2.25
2011.10.06 22:10:02.750,1.23743,1.23811,3.22,2.25
2011.10.06 22:10:03.199,1.23743,1.23805,3.22,2.25
2011.10.06 22:10:22.748,1.23743,1.23809,3.22,3.00
2011.10.06 22:10:23.673,1.23743,1.23809,3.22,1.50
2011.10.06 22:10:29.939,1.23743,1.23809,3.97,1.50
2011.10.06 22:10:30.347,1.23746,1.23809,4.72,1.50
2011.10.06 22:10:43.968,1.23747,1.23809,2.25,2.25
2011.10.06 22:10:44.088,1.23745,1.23808,4.72,2.25
2011.10.06 22:10:49.079,1.23745,1.23811,4.72,2.25
2011.10.06 22:10:52.071,1.23745,1.23808,3.22,2.25
2011.10.06 22:10:52.749,1.23746,1.23806,3.00,2.25
2011.10.06 22:10:52.978,1.23746,1.23808,3.00,1.50
2011.10.06 22:10:54.250,1.23746,1.23808,3.00,1.50
2011.10.06 22:11:00.629,1.23746,1.23807,3.00,2.25
2011.10.06 22:11:00.967,1.23746,1.23804,3.00,2.25
2011.10.06 22:11:05.411,1.23746,1.23802,3.22,2.25
2011.10.06 22:11:06.639,1.23744,1.23806,3.00,3.00
2011.10.06 22:11:15.029,1.23744,1.23806,4.72,1.50
2011.10.06 22:11:16.268,1.23745,1.23806,2.47,1.50
2011.10.06 22:11:20.541,1.23744,1.23806,3.22,1.50
2011.10.06 22:11:21.548,1.23746,1.23809,3.22,1.50
2011.10.06 22:11:23.448,1.23748,1.23809,2.25,3.00
2011.10.06 22:11:28.360,1.23751,1.23809,2.25,1.50
2011.10.06 22:11:28.479,1.23749,1.23809,2.25,1.50
2011.10.06 22:11:30.618,1.23744,1.23809,3.75,3.00
2011.10.06 22:11:30.739,1.23744,1.23807,5.25,2.25
2011.10.06 22:11:35.088,1.23744,1.23805,3.75,2.25
2011.10.06 22:11:35.998,1.23744,1.23804,3.00,1.50
2011.10.06 22:11:42.740,1.23743,1.23804,3.00,1.50
2011.10.06 22:11:45.743,1.23743,1.23804,3.00,1.50
2011.10.06 22:11:46.310,1.23743,1.23804,3.00,1.50
2011.10.06 22:11:46.889,1.23743,1.23809,3.00,3.00
2011.10.06 22:11:53.398,1.23743,1.23806,3.00,2.25
2011.10.06 22:12:03.911,1.23744,1.23809,2.25,3.00
2011.10.06 22:12:07.240,1.23743,1.23809,3.00,1.50
2011.10.06 22:12:08.347,1.23743,1.23809,3.00,1.50
2011.10.06 22:12:10.541,1.23743,1.23809,3.00,1.50
2011.10.06 22:12:11.321,1.23743,1.23808,3.00,2.25
2011.10.06 22:12:12.471,1.23744,1.23809,2.25,1.50
2011.10.06 22:12:13.998,1.23743,1.23807,3.00,2.25
2011.10.06 22:12:19.978,1.23745,1.23809,2.25,1.50
2011.10.06 22:12:31.531,1.23743,1.23807,3.00,2.25
2011.10.06 22:12:33.664,1.23744,1.23809,2.25,3.00
2011.10.06 22:12:42.560,1.23743,1.23807,3.75,2.25
2011.10.06 22:12:48.943,1.23744,1.23811,2.25,2.25
2011.10.06 22:13:16.549,1.23743,1.2381,3.00,2.63
2011.10.06 22:13:49.337,1.23743,1.23808,3.00,2.25
2011.10.06 22:14:02.249,1.23743,1.2381,4.50,2.25
2011.10.06 22:14:04.650,1.23746,1.23808,2.25,2.25
2011.10.06 22:14:15.236,1.23745,1.23811,2.25,2.25
2011.10.06 22:14:30.592,1.23744,1.23807,3.00,2.25
2011.10.06 22:14:42.608,1.23746,1.2381,3.00,1.50
2011.10.06 22:14:42.979,1.23747,1.2381,2.25,1.50
2011.10.06 22:14:45.728,1.23746,1.23809,1.50,2.25
2011.10.06 22:14:47.464,1.23747,1.2381,2.25,1.50
2011.10.06 22:14:50.902,1.23746,1.23808,1.50,2.25
2011.10.06 22:14:51.459,1.23746,1.23806,1.50,2.25
2011.10.06 22:14:54.082,1.23747,1.23804,1.50,3.00
2011.10.06 22:14:55.579,1.23744,1.23798,4.50,1.50
2011.10.06 22:15:02.079,1.23744,1.23798,3.00,3.00
2011.10.06 22:15:12.177,1.23745,1.23796,1.50,2.25
2011.10.06 22:15:15.678,1.23739,1.23784,1.50,2.25
2011.10.06 22:15:15.806,1.23734,1.23788,2.25,2.25
2011.10.06 22:15:15.931,1.23734,1.2379,1.50,3.00
2011.10.06 22:15:16.740,1.23734,1.23788,1.50,2.25
2011.10.06 22:15:17.890,1.23735,1.2379,1.50,2.25
2011.10.06 22:15:19.092,1.23733,1.23789,2.25,1.50
2011.10.06 22:15:21.753,1.2373,1.23787,2.25,2.25
2011.10.06 22:15:21.869,1.23723,1.23787,1.50,2.25
2011.10.06 22:15:22.658,1.23723,1.23789,1.50,1.50
2011.10.06 22:15:28.548,1.23723,1.23788,1.50,2.25
2011.10.06 22:15:30.748,1.23721,1.2378,1.50,1.50
2011.10.06 22:15:32.120,1.23722,1.23775,1.50,1.50
2011.10.06 22:15:32.480,1.23722,1.23777,2.25,2.25
2011.10.06 22:16:19.110,1.23721,1.2378,1.50,3.00
2011.10.06 22:16:19.721,1.23721,1.2378,3.75,1.50
2011.10.06 22:16:22.015,1.23722,1.23774,1.50,1.50
2011.10.06 22:16:22.353,1.23723,1.23774,1.50,1.50
2011.10.06 22:16:25.944,1.23723,1.23773,1.50,1.13
2011.10.06 22:16:26.292,1.23723,1.23751,1.50,1.50
2011.10.06 22:16:26.412,1.23723,1.2375,1.50,1.50
2011.10.06 22:16:26.875,1.23722,1.23755,3.75,1.50
2011.10.06 22:16:27.854,1.23722,1.23759,3.75,1.50
2011.10.06 22:16:28.151,1.23729,1.23763,1.50,1.50
2011.10.06 22:16:29.076,1.23727,1.23758,1.50,1.16
2011.10.06 22:16:29.316,1.23728,1.23763,1.50,1.16
2011.10.06 22:16:29.438,1.23728,1.23767,1.50,1.50
2011.10.06 22:16:29.565,1.2373,1.23767,1.50,2.25
2011.10.06 22:16:29.682,1.2373,1.23773,1.50,1.50
2011.10.06 22:16:29.802,1.2373,1.23773,1.50,1.50
2011.10.06 22:16:30.361,1.2373,1.23773,1.50,1.50
2011.10.06 22:16:30.955,1.2373,1.2377,1.50,1.50
2011.10.06 22:16:31.193,1.23727,1.23764,1.50,1.50
2011.10.06 22:16:31.313,1.23722,1.23764,3.75,1.50
2011.10.06 22:16:31.435,1.23722,1.23763,3.75,1.50
2011.10.06 22:16:32.248,1.23721,1.23769,3.75,1.50
2011.10.06 22:16:32.377,1.23721,1.23767,3.75,2.25
2011.10.06 22:16:32.742,1.23723,1.23767,1.50,1.50
2011.10.06 22:16:33.094,1.23712,1.23768,1.50,3.00
2011.10.06 22:16:33.895,1.23711,1.23769,1.50,2.25
2011.10.06 22:16:34.013,1.23712,1.23774,1.50,1.50
2011.10.06 22:16:36.333,1.23707,1.23751,3.75,1.50
2011.10.06 22:16:37.016,1.23708,1.23751,3.00,1.50
2011.10.06 22:16:37.363,1.23711,1.23751,2.25,1.50
2011.10.06 22:16:38.775,1.23711,1.23749,1.50,2.25
2011.10.06 22:16:39.122,1.23711,1.23741,1.50,1.50
2011.10.06 22:16:41.545,1.23711,1.23738,1.50,1.50
2011.10.06 22:16:43.131,1.2371,1.23737,1.50,1.50
2011.10.06 22:16:43.625,1.2371,1.23744,1.50,2.25
2011.10.06 22:16:43.746,1.23722,1.23752,3.75,3.75
2011.10.06 22:16:44.352,1.23725,1.23751,1.50,1.50
2011.10.06 22:16:45.034,1.23726,1.23752,1.50,1.50
2011.10.06 22:16:45.383,1.23722,1.23751,3.00,1.50
2011.10.06 22:16:45.732,1.23721,1.23748,1.50,1.50
2011.10.06 22:16:48.341,1.23721,1.23748,1.50,1.50
2011.10.06 22:16:48.584,1.2371,1.23737,1.50,1.50
2011.10.06 22:16:49.448,1.23711,1.2374,1.50,1.50
2011.10.06 22:16:50.645,1.23709,1.2374,1.50,1.50
2011.10.06 22:16:51.005,1.23713,1.23741,1.50,1.50
2011.10.06 22:16:51.582,1.2371,1.23741,1.50,1.50
2011.10.06 22:16:54.674,1.23724,1.23744,3.00,2.66
2011.10.06 22:16:54.802,1.23724,1.23746,3.00,1.50
2011.10.06 22:16:55.047,1.23731,1.23752,1.50,1.50
2011.10.06 22:16:55.293,1.23714,1.23746,1.50,3.00
2011.10.06 22:16:55.828,1.23711,1.23743,1.50,2.25
2011.10.06 22:16:55.954,1.23711,1.23742,1.50,1.50
2011.10.06 22:16:57.965,1.23714,1.23761,1.50,1.50
2011.10.06 22:16:58.083,1.23715,1.23771,1.50,1.50
2011.10.06 22:16:58.203,1.23715,1.23755,1.50,2.25
2011.10.06 22:16:58.323,1.23715,1.23768,1.50,1.50
2011.10.06 22:16:59.005,1.23715,1.23771,1.50,1.50
2011.10.06 22:16:59.123,1.23715,1.23773,1.50,1.50
2011.10.06 22:16:59.242,1.23715,1.2378,2.25,1.50
2011.10.06 22:16:59.638,1.23715,1.23773,1.50,1.50
2011.10.06 22:16:59.767,1.23715,1.23781,1.50,2.25
2011.10.06 22:17:03.571,1.23716,1.2377,1.50,2.25
2011.10.06 22:17:04.781,1.23716,1.23768,1.50,3.00
2011.10.06 22:17:06.442,1.23716,1.23764,1.50,2.25
2011.10.06 22:17:08.622,1.23715,1.2377,1.50,2.25
2011.10.06 22:17:08.743,1.23712,1.23777,1.50,2.63
2011.10.06 22:17:13.702,1.23716,1.23762,1.50,3.00
2011.10.06 22:17:14.482,1.23715,1.23758,2.25,2.25
2011.10.06 22:17:15.166,1.23727,1.23758,1.50,1.50
2011.10.06 22:17:15.287,1.2373,1.23759,3.00,1.50
2011.10.06 22:17:15.416,1.23735,1.23762,1.50,1.50
2011.10.06 22:17:17.452,1.23732,1.23765,3.00,1.50
2011.10.06 22:17:17.574,1.23732,1.23781,3.00,2.25
2011.10.06 22:17:17.692,1.23733,1.23784,1.50,2.25
2011.10.06 22:17:18.972,1.23739,1.23772,1.50,1.50
2011.10.06 22:17:19.542,1.23739,1.23772,1.50,1.50
2011.10.06 22:17:21.281,1.23732,1.23779,3.00,1.16
2011.10.06 22:17:21.511,1.23732,1.23785,3.75,2.25
2011.10.06 22:17:22.322,1.23732,1.23782,3.75,2.25
2011.10.06 22:17:22.872,1.23732,1.23782,3.75,2.25
2011.10.06 22:17:25.834,1.23732,1.23778,3.00,2.25
2011.10.06 22:17:26.412,1.23732,1.23772,3.00,2.25
2011.10.06 22:17:26.971,1.23732,1.23772,3.00,2.25
2011.10.06 22:17:28.182,1.23732,1.23772,3.00,2.25
2011.10.06 22:17:28.306,1.2375,1.23775,3.00,2.25
2011.10.06 22:17:28.427,1.2375,1.23779,3.00,3.00
2011.10.06 22:17:28.553,1.23748,1.23779,3.00,2.25
2011.10.06 22:17:28.793,1.23732,1.23777,3.00,2.25
2011.10.06 22:17:29.024,1.23732,1.23777,3.00,2.25
2011.10.06 22:17:29.822,1.23724,1.23775,1.50,2.63
2011.10.06 22:17:32.995,1.23742,1.23774,2.25,2.25
2011.10.06 22:17:33.353,1.23744,1.23776,1.50,2.25
2011.10.06 22:17:34.772,1.23744,1.23776,1.50,2.25
2011.10.06 22:17:35.003,1.23747,1.23779,3.00,2.25
2011.10.06 22:17:36.442,1.23747,1.23779,3.00,2.25
2011.10.06 22:17:37.908,1.23753,1.23784,1.50,1.50
2011.10.06 22:17:38.050,1.23749,1.23789,1.50,1.50
2011.10.06 22:17:40.183,1.23749,1.23788,1.50,1.50
2011.10.06 22:18:08.484,1.2375,1.23787,1.50,2.25
2011.10.06 22:18:13.191,1.2375,1.23785,1.50,1.50
2011.10.06 22:18:13.752,1.2375,1.23786,1.50,1.50
2011.10.06 22:18:13.871,1.23752,1.23786,1.50,1.50
2011.10.06 22:18:17.244,1.23765,1.23789,2.25,1.50
2011.10.06 22:18:17.813,1.23765,1.23788,2.25,1.50
2011.10.06 22:18:31.363,1.23765,1.23793,3.00,3.00
2011.10.06 22:18:31.843,1.23765,1.23793,3.75,3.00
2011.10.06 22:18:32.072,1.23765,1.23793,3.00,3.00
2011.10.06 22:18:45.044,1.23775,1.23793,2.25,2.25
2011.10.06 22:18:50.843,1.23774,1.23793,2.25,2.25
2011.10.06 22:18:51.397,1.23774,1.23787,2.25,2.25
2011.10.06 22:18:51.529,1.2376,1.23784,2.25,3.00
2011.10.06 22:18:53.404,1.23761,1.23786,2.25,2.25
2011.10.06 22:18:53.524,1.23761,1.23791,2.25,2.25
2011.10.06 22:18:53.765,1.23761,1.23795,2.25,2.25
2011.10.06 22:18:57.702,1.23757,1.23791,1.50,2.25
2011.10.06 22:18:57.947,1.23753,1.23791,1.50,2.25
2011.10.06 22:18:58.073,1.23752,1.23791,3.00,2.25
2011.10.06 22:18:58.796,1.23752,1.23791,1.50,2.25
2011.10.06 22:19:02.545,1.23761,1.23789,2.25,1.50
2011.10.06 22:19:05.193,1.23751,1.23787,3.75,2.25
2011.10.06 22:19:05.436,1.23752,1.2379,1.50,3.00
2011.10.06 22:19:06.003,1.23751,1.23789,3.75,2.25
2011.10.06 22:19:13.551,1.23751,1.23788,3.75,2.25
2011.10.06 22:19:17.961,1.23743,1.23788,1.50,2.25
2011.10.06 22:19:21.211,1.23751,1.23788,1.50,2.25
2011.10.06 22:19:21.563,1.23743,1.23788,1.50,2.25
2011.10.06 22:19:27.712,1.23743,1.23788,1.50,2.25
2011.10.06 22:19:27.831,1.23743,1.23788,1.50,2.25
2011.10.06 22:19:35.622,1.23751,1.23788,1.50,2.25
2011.10.06 22:19:35.743,1.23743,1.23788,1.50,2.25
2011.10.06 22:19:37.231,1.23753,1.23788,1.50,2.25
2011.10.06 22:19:37.584,1.23753,1.23791,1.50,2.25
2011.10.06 22:19:44.483,1.23746,1.23791,1.50,2.25
2011.10.06 22:19:44.603,1.23748,1.23794,1.50,2.25
2011.10.06 22:19:45.674,1.23747,1.23791,1.50,1.50
2011.10.06 22:19:45.791,1.23746,1.23787,1.50,2.25
2011.10.06 22:19:47.075,1.23747,1.23787,1.50,2.25
2011.10.06 22:19:47.195,1.23761,1.23793,1.50,2.25
2011.10.06 22:19:47.312,1.23758,1.23799,1.50,1.50
2011.10.06 22:19:47.433,1.23758,1.23801,1.50,2.25
2011.10.06 22:19:50.079,1.23753,1.23798,1.50,2.25
2011.10.06 22:19:50.423,1.23753,1.23791,1.50,2.25
2011.10.06 22:19:50.543,1.2375,1.23795,1.50,2.25
2011.10.06 22:19:53.371,1.2375,1.23799,2.25,2.25
2011.10.06 22:19:54.835,1.23752,1.23792,1.50,2.25
2011.10.06 22:19:57.757,1.23754,1.23792,1.50,2.25
2011.10.06 22:19:57.876,1.23756,1.23795,1.50,2.25
2011.10.06 22:19:58.226,1.23753,1.23797,1.50,2.25
2011.10.06 22:19:58.578,1.23747,1.23796,1.50,2.25
2011.10.06 22:19:58.707,1.23743,1.2379,3.75,2.25
2011.10.06 22:19:59.394,1.23732,1.23795,1.50,2.25
2011.10.06 22:20:00.172,1.23733,1.23792,1.50,2.25
2011.10.06 22:20:03.472,1.23732,1.23792,1.50,2.25
2011.10.06 22:20:04.472,1.23732,1.23792,1.50,2.25
2011.10.06 22:20:09.524,1.23737,1.23792,1.50,2.25
2011.10.06 22:20:10.119,1.23731,1.23791,1.50,2.25
2011.10.06 22:20:12.193,1.23731,1.23791,2.25,2.25
2011.10.06 22:20:12.555,1.23748,1.23793,1.50,2.25
2011.10.06 22:20:13.566,1.23745,1.23793,1.50,2.25
2011.10.06 22:20:13.923,1.23737,1.23789,1.50,2.25
2011.10.06 22:20:14.280,1.23731,1.23789,1.50,2.25
2011.10.06 22:20:14.404,1.23734,1.23786,1.50,2.25
2011.10.06 22:20:17.847,1.23736,1.23788,1.50,2.25
2011.10.06 22:20:18.693,1.23737,1.23788,1.50,2.25
2011.10.06 22:20:18.931,1.23736,1.23788,1.50,2.25
2011.10.06 22:20:19.262,1.23737,1.23792,1.50,2.25
2011.10.06 22:20:23.332,1.23735,1.23794,1.50,2.25
2011.10.06 22:20:27.857,1.23737,1.23797,1.50,2.25
2011.10.06 22:20:30.793,1.23737,1.23794,1.50,2.25
2011.10.06 22:20:35.661,1.23737,1.23797,1.50,2.25
2011.10.06 22:20:38.691,1.23737,1.23797,1.50,2.25
2011.10.06 22:20:55.272,1.23733,1.23797,1.72,2.25
2011.10.06 22:20:57.294,1.23736,1.23796,1.50,2.25
2011.10.06 22:21:00.771,1.23735,1.23793,2.25,2.25
2011.10.06 22:21:19.330,1.23737,1.23791,1.50,2.25
2011.10.06 22:21:25.891,1.23735,1.23793,1.50,2.25
2011.10.06 22:21:27.300,1.23737,1.23791,1.50,2.25
2011.10.06 22:21:30.832,1.23733,1.23792,1.50,2.25
2011.10.06 22:21:32.105,1.23734,1.2379,2.25,2.25
2011.10.06 22:21:43.792,1.23734,1.23791,1.50,2.25
2011.10.06 22:21:51.602,1.23734,1.23786,2.25,2.25
2011.10.06 22:21:57.620,1.23734,1.23791,1.50,2.25
2011.10.06 22:21:58.167,1.23732,1.23791,1.50,2.25
2011.10.06 22:22:00.782,1.23734,1.23789,1.50,2.25
2011.10.06 22:22:03.651,1.23734,1.23784,1.50,2.25
2011.10.06 22:22:14.462,1.23732,1.23789,1.50,2.25
2011.10.06 22:22:17.691,1.23732,1.23785,1.50,2.25
2011.10.06 22:22:18.052,1.23733,1.23789,2.25,2.25
2011.10.06 22:22:20.669,1.23737,1.23787,1.50,2.25
2011.10.06 22:22:20.793,1.23736,1.23793,1.50,2.25
2011.10.06 22:22:21.992,1.23737,1.23788,1.50,2.25
2011.10.06 22:22:23.432,1.23737,1.23781,1.50,2.25
2011.10.06 22:22:25.345,1.23733,1.23781,1.50,2.25
2011.10.06 22:22:27.192,1.23733,1.23783,1.50,2.25
2011.10.06 22:22:48.026,1.2373,1.2378,1.50,2.25
2011.10.06 22:22:48.263,1.23724,1.23773,1.50,2.25
2011.10.06 22:22:48.385,1.23723,1.23779,1.72,2.25
2011.10.06 22:22:48.503,1.23714,1.23775,1.72,2.25
2011.10.06 22:22:49.186,1.23715,1.23778,1.72,2.25
2011.10.06 22:22:49.965,1.23715,1.23771,1.72,2.25
2011.10.06 22:22:50.084,1.23715,1.23771,1.72,2.25
2011.10.06 22:22:50.422,1.23715,1.23771,1.72,2.25
2011.10.06 22:22:50.765,1.23711,1.23774,1.72,3.00
2011.10.06 22:22:51.913,1.23712,1.23773,1.72,2.25
2011.10.06 22:22:53.545,1.23712,1.23772,1.72,1.50
2011.10.06 22:22:53.789,1.23715,1.23779,1.72,2.25
2011.10.06 22:22:54.253,1.23715,1.23785,1.72,2.25
2011.10.06 22:22:55.932,1.23714,1.23783,1.72,2.25
2011.10.06 22:22:57.439,1.23713,1.2378,1.72,2.25
2011.10.06 22:22:58.360,1.23713,1.23777,1.72,2.25
2011.10.06 22:22:59.863,1.23714,1.23767,1.72,1.50
2011.10.06 22:23:02.633,1.23718,1.23767,2.25,1.50
2011.10.06 22:23:06.657,1.23714,1.23767,3.00,1.50
2011.10.06 22:23:09.143,1.23709,1.23767,1.72,2.25
2011.10.06 22:23:11.873,1.23709,1.23766,1.72,2.25
2011.10.06 22:23:12.108,1.2371,1.23769,1.72,2.25
2011.10.06 22:23:12.355,1.23709,1.23775,2.09,2.25
2011.10.06 22:23:12.478,1.23709,1.23783,2.09,2.25
2011.10.06 22:23:12.823,1.23711,1.23786,1.72,2.25
2011.10.06 22:23:14.107,1.2371,1.23784,1.72,2.25
2011.10.06 22:23:16.103,1.2371,1.23784,1.72,2.25
2011.10.06 22:23:16.681,1.2371,1.23784,1.72,2.25
2011.10.06 22:23:23.723,1.23709,1.23781,2.35,2.25
2011.10.06 22:23:24.624,1.2371,1.23776,1.72,2.25
2011.10.06 22:23:25.523,1.23709,1.23774,1.72,2.25
2011.10.06 22:23:26.472,1.23709,1.23774,1.72,2.25
2011.10.06 22:23:28.713,1.2371,1.23776,1.72,2.25
2011.10.06 22:23:30.612,1.2371,1.23774,1.72,2.25
2011.10.06 22:23:35.164,1.2371,1.23774,1.72,2.25
2011.10.06 22:23:37.071,1.2371,1.23774,1.72,2.25
2011.10.06 22:23:38.301,1.2371,1.23774,1.72,2.25
2011.10.06 22:23:49.364,1.2371,1.23774,1.72,2.25
2011.10.06 22:23:49.484,1.2371,1.23774,1.72,2.25
2011.10.06 22:23:50.902,1.2371,1.23777,1.72,2.25
2011.10.06 22:24:00.736,1.2371,1.23772,1.72,2.25
2011.10.06 22:24:00.853,1.2371,1.23772,1.72,2.25
2011.10.06 22:24:02.614,1.2371,1.23769,1.72,2.25
2011.10.06 22:24:06.990,1.2371,1.23769,1.72,2.25
2011.10.06 22:24:08.001,1.2371,1.23769,1.72,2.25
2011.10.06 22:24:11.485,1.2371,1.23769,1.72,2.25
2011.10.06 22:24:12.297,1.2371,1.2377,1.72,2.25
2011.10.06 22:24:14.496,1.2371,1.23772,1.72,3.00
2011.10.06 22:24:16.071,1.2371,1.23767,1.72,2.25
2011.10.06 22:24:16.311,1.2371,1.23767,2.47,1.50
2011.10.06 22:24:17.562,1.23713,1.23762,2.47,1.50
2011.10.06 22:24:20.833,1.2371,1.23762,2.47,1.50
2011.10.06 22:24:25.646,1.23714,1.23762,2.47,1.50
2011.10.06 22:24:25.768,1.23713,1.23765,2.47,1.50
2011.10.06 22:24:25.896,1.23709,1.23765,1.72,1.50
2011.10.06 22:24:26.249,1.23715,1.23769,1.60,1.50
2011.10.06 22:24:26.387,1.23714,1.23789,3.10,2.25
2011.10.06 22:24:26.839,1.23722,1.23789,1.72,2.25
2011.10.06 22:24:26.970,1.23729,1.23795,3.00,2.63
2011.10.06 22:24:27.095,1.2372,1.23792,1.72,2.25
2011.10.06 22:24:27.553,1.2372,1.23788,1.72,2.25
2011.10.06 22:24:30.844,1.2372,1.23788,1.72,2.25
2011.10.06 22:24:43.184,1.23717,1.23791,1.72,2.25
2011.10.06 22:24:43.303,1.23717,1.23797,1.72,2.63
2011.10.06 22:24:43.423,1.23717,1.23797,1.72,1.13
2011.10.06 22:24:45.064,1.23717,1.23797,1.72,1.13
2011.10.06 22:24:46.281,1.23717,1.23797,1.72,1.13
2011.10.06 22:24:49.462,1.23717,1.23798,1.72,1.88
2011.10.06 22:24:50.935,1.23717,1.23793,1.72,2.25
2011.10.06 22:24:51.352,1.23717,1.23788,1.72,2.25
2011.10.06 22:24:51.692,1.23717,1.23788,1.72,2.25
2011.10.06 22:24:54.143,1.23719,1.23789,1.72,2.25
2011.10.06 22:24:54.664,1.23719,1.23789,1.72,2.25
2011.10.06 22:24:59.153,1.23719,1.23787,1.72,2.25
2011.10.06 22:24:59.791,1.23714,1.23789,1.34,2.25
2011.10.06 22:25:06.691,1.23714,1.23788,1.34,2.25
2011.10.06 22:25:06.813,1.23714,1.23793,1.34,2.25
2011.10.06 22:25:08.382,1.23713,1.2379,1.34,2.25
2011.10.06 22:25:09.114,1.23713,1.23791,1.34,2.25
2011.10.06 22:25:14.821,1.23714,1.23787,1.34,2.25
2011.10.06 22:25:16.351,1.23714,1.23787,1.34,2.25
2011.10.06 22:25:16.701,1.23715,1.2379,1.34,2.25
2011.10.06 22:25:17.854,1.23713,1.23787,1.34,2.25
2011.10.06 22:25:20.382,1.23713,1.23787,1.34,2.25
2011.10.06 22:25:25.228,1.23713,1.23792,1.34,2.25
2011.10.06 22:25:26.292,1.23713,1.23786,1.34,2.25
2011.10.06 22:25:26.905,1.23713,1.23786,1.34,2.25
2011.10.06 22:25:41.320,1.23714,1.23788,1.34,2.25
2011.10.06 22:25:47.825,1.23714,1.2379,1.34,2.25
2011.10.06 22:25:50.165,1.23712,1.23786,2.09,2.25
2011.10.06 22:25:52.511,1.23712,1.23786,1.34,2.25
2011.10.06 22:25:53.377,1.23712,1.23786,1.34,2.25
2011.10.06 22:25:55.631,1.23716,1.23788,1.72,1.50
2011.10.06 22:25:57.180,1.23715,1.2378,1.72,2.25
2011.10.06 22:25:57.694,1.23716,1.23787,1.72,2.25
2011.10.06 22:26:00.691,1.2372,1.2379,1.72,2.25
2011.10.06 22:26:09.790,1.2372,1.2379,1.72,2.25
2011.10.06 22:26:10.781,1.2372,1.23781,1.72,2.25
2011.10.06 22:26:11.321,1.23718,1.23779,1.72,2.25
2011.10.06 22:26:11.665,1.23718,1.23775,1.72,2.25
2011.10.06 22:26:13.274,1.23718,1.2378,1.72,2.25
2011.10.06 22:26:18.001,1.23717,1.23782,1.72,2.25
2011.10.06 22:26:21.231,1.23716,1.23783,1.72,2.25
2011.10.06 22:26:25.914,1.23718,1.23781,1.72,2.25
2011.10.06 22:26:26.035,1.23717,1.23783,1.72,2.25
2011.10.06 22:26:26.781,1.23719,1.23787,1.72,1.20
2011.10.06 22:26:28.063,1.23719,1.23784,1.72,2.25
2011.10.06 22:26:28.633,1.23719,1.23784,1.72,2.25
2011.10.06 22:26:29.081,1.23719,1.23787,1.72,2.25
2011.10.06 22:26:29.641,1.23719,1.23787,1.72,2.25
2011.10.06 22:26:40.921,1.23719,1.23791,1.72,3.00
2011.10.06 22:26:45.503,1.23719,1.23784,1.72,2.25
2011.10.06 22:26:47.972,1.23713,1.23787,1.72,2.25
2011.10.06 22:26:48.423,1.23713,1.23789,1.72,2.25
2011.10.06 22:26:50.322,1.23712,1.23785,1.97,2.25
2011.10.06 22:26:50.993,1.23712,1.23785,1.97,3.00
2011.10.06 22:26:51.113,1.23712,1.23778,1.34,2.25
2011.10.06 22:26:54.212,1.23711,1.23781,1.34,2.25
2011.10.06 22:26:57.805,1.23711,1.23785,2.09,2.25
2011.10.06 22:26:59.012,1.23711,1.23789,2.09,3.00
2011.10.06 22:27:07.921,1.23711,1.23783,1.34,2.25
2011.10.06 22:27:09.933,1.23711,1.23783,1.34,2.25
2011.10.06 22:27:16.452,1.23712,1.23778,1.34,2.25
2011.10.06 22:27:16.573,1.23711,1.23778,1.72,2.25
2011.10.06 22:27:18.065,1.23712,1.23778,1.72,2.25
2011.10.06 22:27:19.590,1.23712,1.23781,1.72,2.25
2011.10.06 22:27:20.418,1.23712,1.23781,1.72,2.25
2011.10.06 22:27:21.932,1.23711,1.23778,1.72,2.25
2011.10.06 22:27:29.983,1.23712,1.2378,1.72,2.25
2011.10.06 22:27:31.748,1.23712,1.23781,1.72,2.25
2011.10.06 22:27:36.491,1.23712,1.23781,1.72,2.25
2011.10.06 22:27:40.441,1.23712,1.23781,1.72,2.25
2011.10.06 22:27:47.282,1.23712,1.23778,1.72,2.25
2011.10.06 22:27:50.925,1.23712,1.23778,1.72,2.25
2011.10.06 22:27:51.924,1.23712,1.2378,1.72,2.25
2011.10.06 22:27:55.984,1.23712,1.23777,1.72,2.25
2011.10.06 22:27:57.132,1.23712,1.23781,1.72,2.25
2011.10.06 22:27:59.235,1.23712,1.23784,2.35,2.25
2011.10.06 22:27:59.356,1.23713,1.23784,1.34,2.25
2011.10.06 22:28:00.153,1.23713,1.23787,1.97,2.25
2011.10.06 22:28:00.847,1.23713,1.23782,2.72,2.25
2011.10.06 22:28:01.083,1.23713,1.23782,2.35,2.25
2011.10.06 22:28:02.402,1.23713,1.23787,2.35,2.25
2011.10.06 22:28:04.304,1.23713,1.23789,2.35,2.25
2011.10.06 22:28:04.422,1.23713,1.23792,2.35,2.25
2011.10.06 22:28:04.547,1.23713,1.23792,2.35,2.25
2011.10.06 22:28:04.992,1.23713,1.23795,2.35,2.63
2011.10.06 22:28:05.221,1.23713,1.23793,2.35,2.25
2011.10.06 22:28:13.311,1.23713,1.2379,1.97,2.25
2011.10.06 22:28:15.862,1.23713,1.23795,2.72,2.63
2011.10.06 22:28:16.340,1.23713,1.23794,2.72,2.25
2011.10.06 22:28:17.902,1.23713,1.23795,1.97,3.38
2011.10.06 22:28:20.761,1.23713,1.23795,1.97,1.88
2011.10.06 22:28:21.146,1.23713,1.23793,1.97,2.25
2011.10.06 22:28:29.944,1.23713,1.23795,1.97,1.88
2011.10.06 22:28:30.792,1.23713,1.23795,1.97,1.88
2011.10.06 22:28:31.166,1.23712,1.23792,1.60,2.25
2011.10.06 22:28:31.712,1.23712,1.23793,2.35,1.13
2011.10.06 22:28:41.102,1.23713,1.23787,1.60,2.25
2011.10.06 22:28:47.742,1.23712,1.23789,1.72,2.25
2011.10.06 22:28:47.973,1.23713,1.23789,1.34,2.25
2011.10.06 22:28:50.453,1.23713,1.23788,1.34,2.25
2011.10.06 22:28:53.613,1.23713,1.23791,1.34,2.25
2011.10.06 22:28:57.855,1.23713,1.23793,1.34,2.25
2011.10.06 22:28:58.302,1.23712,1.23791,2.09,2.25
2011.10.06 22:28:59.082,1.23712,1.23795,1.34,2.63
2011.10.06 22:29:01.708,1.23719,1.23793,1.72,2.25
2011.10.06 22:29:02.064,1.23719,1.23793,1.72,2.25
2011.10.06 22:29:06.421,1.23719,1.23793,1.72,2.25
2011.10.06 22:29:11.053,1.23714,1.23794,2.09,3.00
2011.10.06 22:29:33.956,1.23713,1.23791,1.34,2.25
2011.10.06 22:29:35.313,1.23714,1.23791,1.72,1.50
2011.10.06 22:29:35.553,1.23714,1.23791,1.72,1.50
2011.10.06 22:29:41.117,1.23714,1.23791,1.72,1.50
2011.10.06 22:29:41.239,1.23714,1.23791,1.72,1.50
2011.10.06 22:29:41.367,1.23714,1.23794,1.72,1.13
2011.10.06 22:29:41.824,1.23714,1.23794,2.35,1.13
2011.10.06 22:29:43.486,1.23714,1.23794,2.35,1.13
2011.10.06 22:29:46.382,1.23714,1.23795,2.35,1.13
2011.10.06 22:29:46.641,1.23714,1.23796,2.72,1.13
2011.10.06 22:29:50.793,1.23714,1.23795,1.22,1.13
2011.10.06 22:29:52.811,1.23714,1.23795,1.22,1.13
2011.10.06 22:30:00.606,1.23714,1.23795,1.22,1.13
2011.10.06 22:30:00.725,1.23713,1.23793,1.60,1.13
2011.10.06 22:30:01.823,1.23713,1.23795,1.34,1.13
2011.10.06 22:30:11.386,1.23715,1.23795,1.60,2.63
2011.10.06 22:30:11.695,1.23715,1.23795,2.35,1.13
2011.10.06 22:30:13.661,1.23715,1.23795,1.60,1.13
2011.10.06 22:30:14.579,1.23716,1.23795,1.60,1.13
2011.10.06 22:30:14.932,1.23716,1.23795,1.60,1.13
2011.10.06 22:30:16.432,1.23716,1.23796,1.60,2.63
2011.10.06 22:30:17.545,1.23715,1.23795,2.35,2.25
2011.10.06 22:30:26.611,1.23715,1.23795,2.35,2.25
2011.10.06 22:30:28.284,1.23713,1.23787,1.60,1.50
2011.10.06 22:30:28.869,1.2371,1.23789,1.72,1.88
2011.10.06 22:30:28.997,1.2371,1.23789,1.72,1.50
2011.10.06 22:30:29.113,1.23711,1.23789,1.72,1.50
2011.10.06 22:30:31.349,1.23715,1.23788,1.72,1.50
2011.10.06 22:30:33.074,1.23714,1.23788,1.72,1.50
2011.10.06 22:30:33.415,1.23714,1.23788,1.72,1.50
2011.10.06 22:30:33.653,1.23714,1.23789,1.72,1.50
2011.10.06 22:30:34.574,1.23716,1.23788,1.72,1.50
2011.10.06 22:30:36.602,1.23716,1.23788,1.72,1.50
2011.10.06 22:30:47.491,1.23716,1.23789,1.72,1.50
2011.10.06 22:30:47.945,1.23715,1.23789,1.72,1.50
2011.10.06 22:30:52.263,1.23716,1.23788,1.72,1.50
2011.10.06 22:30:53.272,1.23719,1.2379,1.72,1.50
2011.10.06 22:30:53.783,1.23719,1.23791,1.72,1.50
2011.10.06 22:30:54.591,1.23716,1.23791,1.72,1.50
2011.10.06 22:30:55.652,1.23719,1.23791,1.72,1.50
2011.10.06 22:30:57.432,1.23718,1.23791,1.72,1.50
2011.10.06 22:30:58.643,1.23715,1.23791,1.72,1.50
2011.10.06 22:31:01.233,1.23716,1.23792,1.72,1.13
2011.10.06 22:31:02.384,1.23719,1.23792,1.72,1.13
2011.10.06 22:31:03.763,1.23716,1.23791,1.72,1.50
2011.10.06 22:31:04.513,1.23718,1.23791,1.72,1.50
2011.10.06 22:31:05.074,1.23719,1.23792,1.72,1.13
2011.10.06 22:31:05.634,1.2372,1.23792,1.60,1.13
2011.10.06 22:31:06.433,1.2372,1.23792,1.60,1.13
2011.10.06 22:31:06.994,1.23717,1.23792,2.47,1.13
2011.10.06 22:31:10.911,1.23719,1.23788,1.72,2.25
2011.10.06 22:31:12.577,1.23717,1.23789,1.72,1.13
2011.10.06 22:31:14.174,1.23717,1.23786,1.72,2.25
2011.10.06 22:31:14.514,1.2372,1.23786,1.72,2.25
2011.10.06 22:31:14.637,1.2373,1.23792,1.50,2.25
2011.10.06 22:31:14.878,1.23731,1.23791,1.50,2.25
2011.10.06 22:31:15.115,1.23722,1.23793,2.47,2.25
2011.10.06 22:31:15.235,1.23722,1.23794,2.47,1.13
2011.10.06 22:31:15.355,1.23734,1.23798,1.50,1.13
2011.10.06 22:31:15.595,1.23727,1.23795,1.50,1.13
2011.10.06 22:31:15.715,1.23727,1.238,2.47,1.13
2011.10.06 22:31:15.958,1.23727,1.23799,1.72,2.25
2011.10.06 22:31:16.525,1.23728,1.238,1.72,1.13
2011.10.06 22:31:17.442,1.23725,1.238,3.22,1.13
2011.10.06 22:31:17.567,1.23725,1.23799,1.72,2.25
2011.10.06 22:31:18.912,1.23728,1.23799,1.72,2.25
2011.10.06 22:31:20.448,1.23728,1.238,1.72,1.13
2011.10.06 22:31:21.063,1.23727,1.238,1.72,1.13
2011.10.06 22:31:23.415,1.23728,1.238,1.72,1.13
2011.10.06 22:31:24.777,1.23727,1.23799,1.72,2.25
2011.10.06 22:31:25.489,1.23729,1.23798,1.50,2.25
2011.10.06 22:31:25.832,1.23727,1.23796,1.72,2.25
2011.10.06 22:31:26.242,1.23729,1.23798,1.50,2.25
2011.10.06 22:31:27.734,1.23728,1.23799,1.50,1.13
2011.10.06 22:31:28.634,1.23727,1.23799,1.72,1.13
2011.10.06 22:31:28.752,1.23725,1.23799,2.47,1.13
2011.10.06 22:31:29.423,1.23727,1.23799,1.72,1.13
2011.10.06 22:31:29.777,1.23733,1.23806,1.72,2.63
2011.10.06 22:31:30.135,1.23732,1.23802,1.72,1.13
2011.10.06 22:31:30.485,1.23733,1.23799,2.47,2.25
2011.10.06 22:31:30.718,1.23733,1.23809,3.22,3.23
2011.10.06 22:31:31.214,1.23737,1.23809,1.72,3.23
2011.10.06 22:31:31.729,1.23734,1.23809,1.72,4.73
2011.10.06 22:31:32.444,1.23734,1.23809,1.72,4.73
2011.10.06 22:31:32.896,1.23739,1.23808,1.50,2.25
2011.10.06 22:31:33.494,1.23739,1.23802,1.50,1.13
2011.10.06 22:31:33.944,1.23739,1.238,1.50,1.13
2011.10.06 22:31:34.524,1.23743,1.23809,1.50,4.35
2011.10.06 22:31:35.104,1.23742,1.23809,1.50,4.35
2011.10.06 22:31:37.346,1.23743,1.23808,1.50,2.25
2011.10.06 22:31:46.833,1.23739,1.23809,1.72,2.85
2011.10.06 22:31:47.303,1.23739,1.23809,3.22,2.85
2011.10.06 22:31:47.534,1.23745,1.23809,1.50,2.85
2011.10.06 22:31:54.082,1.23746,1.23809,1.50,2.85
2011.10.06 22:31:55.872,1.23746,1.23809,1.50,2.85
2011.10.06 22:31:57.275,1.23746,1.23809,1.50,2.85
2011.10.06 22:31:58.952,1.23746,1.23809,1.50,2.85
2011.10.06 22:31:59.571,1.23746,1.23809,1.50,4.35
2011.10.06 22:32:07.774,1.23743,1.2381,2.25,2.25
2011.10.06 22:32:08.116,1.23741,1.23813,3.10,1.13
2011.10.06 22:32:17.706,1.23744,1.23813,1.38,2.63
2011.10.06 22:32:18.350,1.23745,1.23813,1.50,2.25
2011.10.06 22:32:18.855,1.23745,1.23813,1.50,2.25
2011.10.06 22:32:19.940,1.23745,1.23813,1.50,2.25
2011.10.06 22:32:21.923,1.23745,1.23813,1.50,2.25
2011.10.06 22:32:26.502,1.23747,1.2381,1.50,2.25
2011.10.06 22:32:26.735,1.23748,1.23813,1.50,2.25
2011.10.06 22:32:26.858,1.23746,1.23811,1.50,2.25
2011.10.06 22:32:27.206,1.23741,1.23806,3.00,2.25
2011.10.06 22:32:27.327,1.23739,1.23806,1.72,2.25
2011.10.06 22:32:28.044,1.23738,1.23804,1.72,2.25
2011.10.06 22:32:38.716,1.23736,1.23805,2.47,2.25
2011.10.06 22:32:51.331,1.23734,1.23805,2.47,2.25
2011.10.06 22:32:59.590,1.23735,1.23801,1.50,2.25
2011.10.06 22:32:59.945,1.23734,1.23797,2.25,2.25
2011.10.06 22:33:00.173,1.23734,1.23796,2.47,2.25
2011.10.06 22:33:02.917,1.23735,1.23799,1.72,2.25
2011.10.06 22:33:08.073,1.23735,1.23802,1.72,2.25
2011.10.06 22:33:10.952,1.23735,1.23801,1.72,2.25
2011.10.06 22:33:14.914,1.23737,1.238,1.50,2.25
2011.10.06 22:33:17.635,1.23735,1.23797,2.25,4.20
2011.10.06 22:33:17.998,1.23742,1.23793,1.50,2.25
2011.10.06 22:33:18.243,1.23737,1.23798,1.50,2.25
2011.10.06 22:33:18.473,1.23737,1.23797,1.50,2.25
2011.10.06 22:33:19.038,1.23734,1.23798,1.72,2.25
2011.10.06 22:33:19.888,1.23733,1.23798,1.72,2.25
2011.10.06 22:33:20.013,1.23734,1.23798,1.72,2.25
2011.10.06 22:33:27.097,1.23737,1.23801,1.38,2.25
2011.10.06 22:33:27.226,1.23742,1.23797,1.50,1.13
2011.10.06 22:33:27.712,1.23744,1.23799,1.50,2.25
2011.10.06 22:33:29.480,1.23746,1.23803,1.50,1.50
2011.10.06 22:33:30.075,1.23746,1.23802,1.50,2.25
2011.10.06 22:33:30.638,1.23747,1.23802,1.50,2.25
2011.10.06 22:33:30.993,1.23748,1.23793,1.50,2.25
2011.10.06 22:33:31.472,1.23744,1.23791,2.25,2.25
2011.10.06 22:33:32.250,1.23749,1.23791,1.50,2.25
2011.10.06 22:33:38.808,1.2375,1.23793,1.50,1.13
2011.10.06 22:33:38.941,1.23747,1.23793,1.50,1.13
2011.10.06 22:33:45.193,1.23751,1.23794,1.50,1.88
2011.10.06 22:33:50.130,1.23751,1.23785,1.50,1.50
2011.10.06 22:33:50.478,1.23745,1.23781,1.50,1.50
2011.10.06 22:33:51.039,1.23744,1.23781,1.50,1.50
2011.10.06 22:33:51.592,1.23747,1.23787,1.50,3.00
2011.10.06 22:33:51.710,1.23747,1.23787,1.50,1.50
2011.10.06 22:33:51.831,1.23746,1.23787,1.50,1.50
2011.10.06 22:33:51.950,1.23747,1.23787,1.50,1.50
2011.10.06 22:33:52.069,1.23747,1.23787,2.25,1.50
2011.10.06 22:33:52.194,1.23747,1.23787,1.50,1.50
2011.10.06 22:33:52.433,1.23744,1.23778,1.50,1.50
2011.10.06 22:33:53.022,1.23741,1.23778,1.50,1.50
2011.10.06 22:33:54.819,1.23743,1.23779,1.50,1.50
2011.10.06 22:33:55.389,1.23748,1.2378,1.13,1.50
2011.10.06 22:34:01.489,1.23748,1.23779,1.13,1.50
2011.10.06 22:34:02.638,1.23747,1.23775,1.13,1.50
2011.10.06 22:34:02.883,1.23744,1.23774,1.50,1.50
2011.10.06 22:34:03.002,1.23729,1.23772,1.50,1.50
2011.10.06 22:34:03.121,1.23725,1.23767,2.25,2.25
2011.10.06 22:34:03.480,1.23724,1.23752,1.13,2.25
2011.10.06 22:34:04.012,1.23715,1.2375,1.13,2.25
2011.10.06 22:34:04.369,1.23715,1.23741,1.13,2.25
2011.10.06 22:34:04.820,1.23708,1.23741,1.50,2.25
2011.10.06 22:34:06.024,1.23712,1.23746,1.50,2.25
2011.10.06 22:34:06.155,1.23711,1.23765,1.50,1.29
2011.10.06 22:34:06.282,1.23713,1.2377,1.72,1.50
2011.10.06 22:34:06.404,1.23723,1.23772,1.13,2.25
2011.10.06 22:34:06.872,1.23723,1.23772,1.34,2.25
2011.10.06 22:34:06.997,1.23728,1.23795,1.50,1.13
2011.10.06 22:34:07.122,1.23736,1.23803,1.50,2.25
2011.10.06 22:34:07.482,1.23751,1.2381,1.50,2.25
2011.10.06 22:34:07.841,1.23751,1.23807,1.50,1.50
2011.10.06 22:34:09.870,1.23751,1.23809,2.25,1.50
2011.10.06 22:34:09.990,1.23752,1.23811,2.25,1.13
2011.10.06 22:34:10.351,1.2376,1.23811,1.50,1.50
2011.10.06 22:34:10.699,1.23761,1.23809,1.50,1.50
2011.10.06 22:34:10.929,1.23761,1.23807,1.50,1.13
2011.10.06 22:34:12.379,1.23761,1.23809,2.25,1.50
2011.10.06 22:34:12.729,1.2377,1.23813,3.00,1.50
2011.10.06 22:34:13.080,1.23775,1.23814,1.50,1.50
2011.10.06 22:34:15.271,1.23787,1.23815,1.50,1.50
2011.10.06 22:34:18.979,1.23788,1.23818,1.50,1.50
2011.10.06 22:34:19.340,1.23794,1.23823,1.50,1.13
2011.10.06 22:34:22.382,1.23792,1.2382,1.13,1.50
2011.10.06 22:34:22.895,1.23789,1.23817,3.00,1.50
2011.10.06 22:34:23.028,1.23797,1.23823,1.88,1.88
2011.10.06 22:34:25.170,1.23797,1.23823,1.88,1.13
2011.10.06 22:34:25.948,1.23798,1.23824,1.50,1.50
2011.10.06 22:34:26.754,1.23795,1.2382,1.50,1.50
2011.10.06 22:34:26.884,1.23789,1.23814,2.25,1.50
2011.10.06 22:34:27.012,1.2379,1.23818,1.50,1.50
2011.10.06 22:34:27.130,1.23793,1.23819,1.13,1.50
2011.10.06 22:34:27.249,1.23795,1.23823,1.50,1.13
2011.10.06 22:34:27.489,1.23795,1.23822,1.50,1.50
2011.10.06 22:34:28.439,1.23795,1.23821,1.50,1.50
2011.10.06 22:34:37.729,1.23795,1.23819,1.50,1.29
2011.10.06 22:34:37.848,1.23793,1.23815,1.13,1.50
2011.10.06 22:34:45.227,1.23794,1.23815,1.13,1.50
2011.10.06 22:34:48.270,1.23794,1.23815,1.13,1.50
2011.10.06 22:34:48.510,1.23791,1.23817,1.50,1.88
2011.10.06 22:34:48.632,1.23787,1.23815,1.50,1.50
2011.10.06 22:34:56.372,1.23778,1.23807,1.50,1.50
2011.10.06 22:34:57.936,1.23778,1.23814,1.50,3.00
2011.10.06 22:34:58.060,1.23781,1.23814,1.50,1.50
2011.10.06 22:35:02.969,1.23781,1.23811,1.50,1.50
2011.10.06 22:35:03.089,1.23778,1.23809,2.25,2.25
2011.10.06 22:35:03.330,1.23775,1.23803,1.50,1.50
2011.10.06 22:35:06.913,1.23768,1.23813,1.50,2.25
2011.10.06 22:35:11.290,1.23767,1.23807,1.50,1.50
2011.10.06 22:35:14.210,1.23771,1.23809,1.50,1.50
2011.10.06 22:35:14.560,1.23775,1.23808,1.50,1.50
2011.10.06 22:35:22.269,1.23775,1.23809,1.50,1.13
2011.10.06 22:35:22.391,1.23781,1.23815,1.50,1.50
2011.10.06 22:35:24.680,1.23779,1.23809,1.50,1.50
2011.10.06 22:35:25.021,1.23778,1.23802,1.50,1.50
2011.10.06 22:35:26.054,1.23779,1.23805,1.50,1.50
2011.10.06 22:35:26.411,1.23782,1.23809,1.50,1.50
2011.10.06 22:35:26.532,1.23784,1.23813,1.50,1.13
2011.10.06 22:35:27.322,1.23781,1.2381,1.50,1.50
2011.10.06 22:35:28.058,1.23786,1.23812,1.50,1.50
2011.10.06 22:35:28.304,1.23786,1.23814,1.50,1.50
2011.10.06 22:35:28.880,1.23787,1.23814,1.50,1.88
2011.10.06 22:35:31.239,1.23782,1.23814,1.50,1.50
2011.10.06 22:35:31.470,1.23782,1.23814,1.50,1.50
2011.10.06 22:35:32.695,1.23782,1.23815,1.50,1.50
2011.10.06 22:35:36.018,1.23786,1.23815,1.50,1.50
2011.10.06 22:35:36.143,1.23787,1.23814,1.50,1.50
2011.10.06 22:35:36.742,1.23788,1.23814,1.50,1.50
2011.10.06 22:35:37.980,1.23788,1.23815,1.50,1.50
2011.10.06 22:35:38.450,1.23781,1.23807,1.50,1.50
2011.10.06 22:35:38.577,1.23772,1.23796,1.50,1.50
2011.10.06 22:35:39.357,1.2377,1.23795,2.25,1.13
2011.10.06 22:35:39.960,1.2377,1.238,1.50,1.50
2011.10.06 22:35:40.432,1.2377,1.238,1.50,1.50
2011.10.06 22:35:40.790,1.2377,1.238,1.50,1.50
2011.10.06 22:35:40.909,1.2377,1.238,1.50,1.50
2011.10.06 22:35:41.029,1.2377,1.238,1.50,1.50
2011.10.06 22:35:41.148,1.2377,1.238,1.50,1.50
2011.10.06 22:35:41.379,1.23765,1.238,1.50,1.50
2011.10.06 22:35:42.939,1.23765,1.23803,1.50,1.13
2011.10.06 22:35:43.069,1.2376,1.23808,1.50,2.25
2011.10.06 22:35:44.282,1.2376,1.23808,1.50,2.25
2011.10.06 22:35:44.837,1.23755,1.23813,1.50,1.50
2011.10.06 22:35:44.964,1.23756,1.23813,2.25,1.50
2011.10.06 22:35:47.360,1.23755,1.23813,1.50,1.50
2011.10.06 22:35:47.942,1.2376,1.23809,1.50,1.13
2011.10.06 22:35:48.498,1.2376,1.23809,1.50,1.50
2011.10.06 22:35:48.893,1.2376,1.23809,1.50,1.50
2011.10.06 22:35:50.058,1.2376,1.2381,1.50,1.50
2011.10.06 22:35:53.919,1.23769,1.2381,1.50,1.50
2011.10.06 22:35:54.162,1.23769,1.23813,1.50,1.88
2011.10.06 22:35:54.280,1.23767,1.23813,1.50,1.88
2011.10.06 22:35:54.402,1.23764,1.23811,1.50,1.13
2011.10.06 22:35:54.520,1.23762,1.23811,1.50,1.13
2011.10.06 22:35:54.860,1.23761,1.23809,1.50,2.25
2011.10.06 22:35:55.230,1.23763,1.23811,1.50,2.25
2011.10.06 22:35:55.800,1.23765,1.2381,1.50,2.25
2011.10.06 22:35:56.249,1.23765,1.23812,1.50,2.25
2011.10.06 22:35:57.004,1.23769,1.23812,1.50,2.25
2011.10.06 22:35:57.292,1.23767,1.23812,1.50,2.25
2011.10.06 22:35:57.414,1.23767,1.23809,1.50,2.25
2011.10.06 22:36:05.668,1.23765,1.23807,1.50,2.25
2011.10.06 22:36:06.811,1.23764,1.23805,2.25,2.25
2011.10.06 22:36:07.042,1.23764,1.23805,1.50,2.25
2011.10.06 22:36:07.280,1.23755,1.23803,2.25,2.25
2011.10.06 22:36:07.628,1.23749,1.23792,1.50,2.25
2011.10.06 22:36:08.199,1.23748,1.23792,1.50,2.25
2011.10.06 22:36:09.953,1.23748,1.23794,1.50,2.25
2011.10.06 22:36:12.219,1.23754,1.23793,1.50,2.25
2011.10.06 22:36:12.341,1.23754,1.23799,1.50,1.50
2011.10.06 22:36:12.581,1.2376,1.23802,1.50,1.13
2011.10.06 22:36:12.703,1.2376,1.23805,1.50,1.50
2011.10.06 22:36:14.599,1.2376,1.23802,1.50,1.13
2011.10.06 22:36:16.093,1.23767,1.23806,1.50,1.50
2011.10.06 22:36:18.655,1.23768,1.23806,1.50,1.50
2011.10.06 22:36:19.484,1.23773,1.23806,1.50,1.50
2011.10.06 22:36:21.332,1.23773,1.23802,1.50,1.13
2011.10.06 22:36:21.689,1.23768,1.23797,1.50,1.50
2011.10.06 22:36:23.970,1.23771,1.23798,1.88,1.13
2011.10.06 22:36:24.091,1.23775,1.238,1.13,1.50
2011.10.06 22:36:24.210,1.23776,1.23809,1.50,1.50
2011.10.06 22:36:24.330,1.2378,1.23809,1.50,1.50
2011.10.06 22:36:24.454,1.23775,1.23808,1.13,2.25
2011.10.06 22:36:24.574,1.23772,1.23803,2.25,1.13
2011.10.06 22:36:24.704,1.23768,1.23802,1.50,2.25
2011.10.06 22:36:24.830,1.23758,1.23803,2.25,2.63
2011.10.06 22:36:28.723,1.23759,1.23803,1.50,2.63
2011.10.06 22:36:30.699,1.23762,1.23802,1.50,1.13
2011.10.06 22:36:35.218,1.23758,1.23802,1.50,1.13
2011.10.06 22:36:40.090,1.23763,1.23796,1.50,1.13
2011.10.06 22:36:40.439,1.23766,1.23798,1.50,1.50
2011.10.06 22:36:42.980,1.23766,1.23798,1.50,1.50
2011.10.06 22:36:43.649,1.23768,1.23802,1.50,1.50
2011.10.06 22:36:45.581,1.23768,1.23802,1.50,1.13
2011.10.06 22:36:45.701,1.23768,1.2381,1.50,2.25
2011.10.06 22:36:46.245,1.23768,1.23802,1.50,1.13
2011.10.06 22:36:46.393,1.23765,1.238,1.50,1.50
2011.10.06 22:36:47.080,1.23764,1.23799,1.50,1.50
2011.10.06 22:36:48.172,1.23764,1.23799,1.50,1.50
2011.10.06 22:36:48.399,1.23764,1.23799,1.50,1.50
2011.10.06 22:36:57.252,1.23757,1.23799,1.50,1.50
2011.10.06 22:36:57.370,1.23757,1.23799,1.50,1.50
2011.10.06 22:36:57.611,1.23757,1.23798,1.50,1.50
2011.10.06 22:37:05.536,1.23749,1.23804,2.25,2.25
2011.10.06 22:37:10.850,1.23749,1.23803,2.25,1.13
2011.10.06 22:37:12.881,1.23749,1.23805,2.25,2.25
2011.10.06 22:37:14.324,1.23749,1.238,2.25,2.25
2011.10.06 22:37:18.138,1.23749,1.23799,1.50,2.25
2011.10.06 22:37:27.447,1.23749,1.23795,1.50,2.25
2011.10.06 22:37:29.591,1.23749,1.23796,1.50,2.25
2011.10.06 22:37:30.790,1.23749,1.23793,1.50,2.25
2011.10.06 22:37:34.553,1.23749,1.23797,1.50,2.25
2011.10.06 22:37:35.438,1.23749,1.23792,1.50,2.25
2011.10.06 22:37:39.589,1.23749,1.23797,1.50,2.25
2011.10.06 22:37:55.619,1.23749,1.23795,1.50,2.25
2011.10.06 22:37:57.272,1.23752,1.23804,1.50,2.63
2011.10.06 22:37:57.500,1.23753,1.238,1.50,2.25
2011.10.06 22:37:59.611,1.23755,1.23804,1.50,2.63
2011.10.06 22:37:59.732,1.23769,1.23804,1.50,1.13
2011.10.06 22:38:01.076,1.23769,1.23809,1.50,3.00
2011.10.06 22:38:01.208,1.23769,1.23805,1.50,2.25
2011.10.06 22:38:01.684,1.23764,1.23798,1.50,1.13
2011.10.06 22:38:01.801,1.23764,1.23798,1.50,2.63
2011.10.06 22:38:01.922,1.23759,1.23798,1.50,1.13
2011.10.06 22:38:02.040,1.23759,1.23798,1.50,1.13
2011.10.06 22:38:04.049,1.23759,1.23798,1.50,1.13
2011.10.06 22:38:05.689,1.23759,1.238,1.50,2.25
2011.10.06 22:38:06.259,1.23757,1.238,1.50,2.25
2011.10.06 22:38:12.100,1.23756,1.23788,1.50,1.50
2011.10.06 22:38:12.459,1.23752,1.23782,1.50,1.50
2011.10.06 22:38:12.799,1.23755,1.23782,1.50,1.50
2011.10.06 22:38:13.741,1.23757,1.23786,1.50,1.13
2011.10.06 22:38:13.860,1.23757,1.23788,1.50,1.88
2011.10.06 22:38:14.201,1.23757,1.23799,1.50,1.50
2011.10.06 22:38:16.141,1.2376,1.23799,1.50,1.50
2011.10.06 22:38:17.569,1.2376,1.23799,1.50,1.50
2011.10.06 22:38:20.491,1.23763,1.23801,2.25,1.50
2011.10.06 22:38:21.509,1.23763,1.23801,2.25,1.50
2011.10.06 22:38:22.899,1.23766,1.23801,1.50,1.50
2011.10.06 22:38:23.660,1.23765,1.23803,1.50,1.50
2011.10.06 22:38:23.998,1.23764,1.23803,2.25,1.50
2011.10.06 22:38:24.231,1.23764,1.23803,2.25,1.50
2011.10.06 22:38:25.578,1.23764,1.23803,2.25,1.50
2011.10.06 22:38:26.810,1.23763,1.23803,1.50,1.50
2011.10.06 22:38:30.109,1.23763,1.23801,1.50,2.25
2011.10.06 22:38:30.461,1.23754,1.23778,3.00,1.50
2011.10.06 22:38:30.702,1.2373,1.23769,2.25,2.25
2011.10.06 22:38:30.824,1.23731,1.23771,1.50,2.25
2011.10.06 22:38:31.351,1.23705,1.2377,1.72,2.25
2011.10.06 22:38:35.190,1.23705,1.2377,1.72,2.25
2011.10.06 22:38:35.628,1.23705,1.23772,3.22,2.25
2011.10.06 22:38:36.085,1.23712,1.23774,1.50,2.25
2011.10.06 22:38:36.760,1.23712,1.23772,1.50,2.25
2011.10.06 22:38:36.999,1.23712,1.23772,1.50,2.25
2011.10.06 22:38:37.339,1.23712,1.23771,1.50,2.25
2011.10.06 22:38:38.012,1.23717,1.23771,1.34,2.25
2011.10.06 22:38:38.351,1.23727,1.23775,1.50,2.25
2011.10.06 22:38:41.680,1.23728,1.23773,1.50,2.25
2011.10.06 22:38:41.801,1.23722,1.23772,1.50,2.25
2011.10.06 22:38:41.920,1.2372,1.23769,1.50,2.25
2011.10.06 22:38:44.350,1.23717,1.23761,3.22,1.50
2011.10.06 22:38:44.699,1.23722,1.23754,2.25,1.50
2011.10.06 22:38:46.340,1.23719,1.23764,1.50,1.50
2011.10.06 22:38:46.458,1.23719,1.23768,1.50,1.16
2011.10.06 22:38:50.474,1.23719,1.23769,1.50,2.25
2011.10.06 22:38:53.029,1.23719,1.23772,1.50,2.25
2011.10.06 22:38:54.769,1.23719,1.23769,1.50,2.25
2011.10.06 22:38:55.108,1.23713,1.23757,2.47,3.00
2011.10.06 22:38:55.979,1.23716,1.23751,2.25,1.50
2011.10.06 22:38:56.654,1.23715,1.23751,2.47,1.50
2011.10.06 22:38:57.889,1.23707,1.23764,1.72,1.70
2011.10.06 22:38:59.068,1.23707,1.23772,1.72,2.25
2011.10.06 22:39:00.065,1.23707,1.23774,1.72,2.25
2011.10.06 22:39:00.846,1.2371,1.23774,1.72,2.25
2011.10.06 22:39:00.975,1.2371,1.23775,1.72,1.50
2011.10.06 22:39:01.531,1.23747,1.23781,1.50,1.50
2011.10.06 22:39:01.884,1.23747,1.23783,1.50,1.50
2011.10.06 22:39:02.232,1.23744,1.23783,1.50,1.50
2011.10.06 22:39:02.351,1.23735,1.2378,1.50,1.50
2011.10.06 22:39:02.472,1.23729,1.23777,3.75,2.25
2011.10.06 22:39:02.591,1.23739,1.23777,3.00,2.25
2011.10.06 22:39:02.822,1.23722,1.23777,3.00,2.25
2011.10.06 22:39:02.942,1.23722,1.23775,1.50,2.25
2011.10.06 22:39:03.064,1.23715,1.23777,2.25,2.25
2011.10.06 22:39:03.743,1.23712,1.23779,1.72,2.25
2011.10.06 22:39:04.638,1.23713,1.23776,2.25,2.25
2011.10.06 22:39:07.151,1.23712,1.23776,1.72,2.25
2011.10.06 22:39:08.389,1.23713,1.23777,2.47,2.25
2011.10.06 22:39:09.419,1.23714,1.23769,1.72,1.50
2011.10.06 22:39:09.779,1.23714,1.23767,1.72,1.50
2011.10.06 22:39:10.580,1.23721,1.23763,2.25,1.50
2011.10.06 22:39:11.029,1.23718,1.23763,2.25,1.50
2011.10.06 22:39:11.260,1.23722,1.23763,2.25,1.50
2011.10.06 22:39:12.489,1.23716,1.23769,2.47,1.50
2011.10.06 22:39:12.611,1.23715,1.23772,1.72,1.50
2011.10.06 22:39:12.728,1.23715,1.2378,1.72,2.25
2011.10.06 22:39:13.995,1.23714,1.23772,2.47,1.50
2011.10.06 22:39:14.340,1.23715,1.23768,2.47,1.50
2011.10.06 22:39:15.261,1.23718,1.23768,2.25,1.50
2011.10.06 22:39:16.709,1.23716,1.23779,1.72,1.50
2011.10.06 22:39:20.268,1.23712,1.2378,2.47,3.00
2011.10.06 22:39:20.388,1.2371,1.23779,2.35,2.25
2011.10.06 22:39:20.509,1.23711,1.2378,2.47,3.00
2011.10.06 22:39:24.620,1.23721,1.23781,1.50,1.50
2011.10.06 22:39:25.513,1.23743,1.23787,1.50,2.25
2011.10.06 22:39:26.870,1.23742,1.23784,1.50,2.25
2011.10.06 22:39:29.610,1.23743,1.23788,1.50,3.00
2011.10.06 22:39:29.851,1.23743,1.23788,1.50,1.50
2011.10.06 22:39:30.090,1.23743,1.23795,1.50,1.50
2011.10.06 22:39:30.641,1.23742,1.23794,1.50,2.25
2011.10.06 22:39:33.512,1.23741,1.23791,1.50,2.25
2011.10.06 22:39:34.105,1.23743,1.23792,1.50,2.25
2011.10.06 22:39:45.531,1.23746,1.23795,1.50,2.25
2011.10.06 22:39:45.878,1.23758,1.23796,1.50,1.50
2011.10.06 22:39:46.439,1.23758,1.23796,1.50,3.00
2011.10.06 22:39:47.109,1.23754,1.23792,1.50,1.50
2011.10.06 22:39:47.229,1.23758,1.23792,1.50,1.50
2011.10.06 22:39:50.921,1.23767,1.23798,1.50,1.50
2011.10.06 22:39:51.164,1.23759,1.23797,1.50,2.25
2011.10.06 22:39:51.522,1.23758,1.23802,1.50,3.00
2011.10.06 22:39:52.409,1.23758,1.23802,1.50,1.50
2011.10.06 22:39:53.280,1.23755,1.238,2.25,2.25
2011.10.06 22:39:54.492,1.23755,1.238,3.75,2.25
2011.10.06 22:39:55.060,1.23758,1.23801,3.00,1.50
2011.10.06 22:40:01.479,1.23758,1.23799,1.50,1.50
2011.10.06 22:40:19.691,1.23758,1.23803,1.50,1.50
2011.10.06 22:40:20.040,1.2376,1.23799,1.50,1.13
2011.10.06 22:40:20.546,1.2376,1.23799,1.50,1.50
2011.10.06 22:40:20.915,1.23761,1.23799,2.25,1.50
2011.10.06 22:40:24.650,1.23761,1.23799,2.25,1.50
2011.10.06 22:40:26.499,1.23758,1.23797,2.25,1.50
2011.10.06 22:40:27.770,1.23759,1.23796,1.50,1.50
2011.10.06 22:40:28.272,1.23756,1.23795,1.50,1.13
2011.10.06 22:40:28.394,1.23752,1.23795,3.75,1.13
2011.10.06 22:40:44.240,1.23768,1.23795,1.50,1.13
2011.10.06 22:40:44.839,1.23769,1.23795,1.50,1.13
2011.10.06 22:40:47.084,1.23768,1.23795,1.50,1.13
2011.10.06 22:40:51.220,1.23769,1.23795,1.50,1.13
2011.10.06 22:40:51.339,1.23769,1.23795,1.50,1.13
2011.10.06 22:40:51.461,1.23773,1.23802,1.50,1.50
2011.10.06 22:41:04.268,1.23772,1.23802,1.50,1.50
2011.10.06 22:41:06.382,1.23773,1.23802,1.50,1.50
2011.10.06 22:41:08.079,1.23773,1.238,1.50,1.50
2011.10.06 22:41:10.491,1.23773,1.23804,1.50,1.50
2011.10.06 22:41:10.730,1.23773,1.23801,1.50,1.50
2011.10.06 22:41:12.452,1.23773,1.23804,1.50,1.50
2011.10.06 22:41:14.881,1.23773,1.23802,1.50,1.50
2011.10.06 22:41:16.330,1.23776,1.23805,1.50,1.50
2011.10.06 22:41:19.768,1.23776,1.23806,1.50,1.50
2011.10.06 22:41:30.380,1.23776,1.23805,1.50,1.50
2011.10.06 22:41:44.779,1.23776,1.23807,1.50,1.50
2011.10.06 22:41:58.509,1.23774,1.23807,1.50,1.50
2011.10.06 22:42:02.710,1.23776,1.23807,1.50,1.50
2011.10.06 22:42:27.919,1.23774,1.23807,1.50,1.50
2011.10.06 22:42:28.268,1.23774,1.23806,1.50,1.50
2011.10.06 22:42:28.832,1.23777,1.23806,1.50,1.50
2011.10.06 22:42:29.182,1.23777,1.23802,1.50,1.50
2011.10.06 22:42:30.471,1.23775,1.23801,1.50,1.50
2011.10.06 22:42:30.712,1.23771,1.23801,1.50,1.50
2011.10.06 22:42:30.955,1.23768,1.23796,1.50,1.50
2011.10.06 22:42:32.187,1.23771,1.23798,1.50,1.50
2011.10.06 22:42:32.431,1.23768,1.23796,1.50,1.50
2011.10.06 22:42:33.622,1.23771,1.23799,1.50,1.50
2011.10.06 22:42:33.972,1.23768,1.23802,1.50,1.50
2011.10.06 22:42:34.653,1.23768,1.23801,1.50,2.25
2011.10.06 22:42:41.360,1.23766,1.23801,1.50,1.50
2011.10.06 22:42:45.359,1.23764,1.23807,1.50,2.25
2011.10.06 22:42:50.571,1.2376,1.23796,1.50,1.50
2011.10.06 22:42:53.579,1.2376,1.23796,1.50,1.50
2011.10.06 22:42:54.802,1.2376,1.23787,1.50,1.50
2011.10.06 22:42:55.380,1.23758,1.23786,1.50,1.50
2011.10.06 22:42:57.210,1.2376,1.23788,1.50,1.50
2011.10.06 22:42:57.555,1.23762,1.23789,1.50,1.50
2011.10.06 22:42:58.130,1.23759,1.23787,1.50,1.50
2011.10.06 22:42:58.633,1.23759,1.2379,1.50,1.50
2011.10.06 22:42:58.759,1.2376,1.23797,2.25,1.50
2011.10.06 22:43:02.891,1.23763,1.23801,2.25,1.50
2011.10.06 22:43:17.989,1.23764,1.23806,1.50,1.50
2011.10.06 22:43:18.221,1.23764,1.238,1.50,1.13
2011.10.06 22:43:18.463,1.2376,1.23799,1.50,1.13
2011.10.06 22:43:18.820,1.23756,1.23798,2.25,1.50
2011.10.06 22:43:19.271,1.23756,1.23799,1.50,1.88
2011.10.06 22:43:19.839,1.23749,1.23796,3.00,1.50
2011.10.06 22:43:21.150,1.23749,1.23796,1.50,1.50
2011.10.06 22:43:21.819,1.23752,1.23796,2.25,1.50
2011.10.06 22:43:22.492,1.23756,1.23797,2.25,1.50
2011.10.06 22:43:22.855,1.23788,1.23814,1.50,1.50
2011.10.06 22:43:23.338,1.23784,1.23812,1.50,1.50
2011.10.06 22:43:23.630,1.23775,1.23807,1.50,1.50
2011.10.06 22:43:23.755,1.23749,1.23806,1.72,2.25
2011.10.06 22:43:24.099,1.23751,1.23806,2.47,2.25
2011.10.06 22:43:24.331,1.23751,1.23806,2.47,2.25
2011.10.06 22:43:24.899,1.2375,1.23803,2.25,2.25
2011.10.06 22:43:26.211,1.23757,1.23803,1.50,1.13
2011.10.06 22:43:26.559,1.23758,1.23804,2.25,1.50
2011.10.06 22:43:26.900,1.23758,1.23804,2.25,1.50
2011.10.06 22:43:35.840,1.23757,1.23804,1.50,1.50
2011.10.06 22:43:38.937,1.23757,1.23797,1.50,1.50
2011.10.06 22:43:39.305,1.23755,1.23795,1.50,1.50
2011.10.06 22:43:39.430,1.23755,1.23795,1.50,1.50
2011.10.06 22:43:39.552,1.23751,1.23795,1.50,1.50
2011.10.06 22:43:40.951,1.23753,1.23795,1.50,1.50
2011.10.06 22:43:41.074,1.23753,1.23794,1.50,1.50
2011.10.06 22:43:41.311,1.23752,1.2379,1.50,1.50
2011.10.06 22:43:41.437,1.23752,1.23788,1.50,1.50
2011.10.06 22:43:41.562,1.23744,1.23788,1.50,1.50
2011.10.06 22:43:42.041,1.23744,1.23788,1.50,1.50
2011.10.06 22:43:43.813,1.23749,1.23787,2.25,1.50
2011.10.06 22:43:44.160,1.2375,1.23787,1.50,1.50
2011.10.06 22:43:46.284,1.23752,1.23786,1.50,1.50
2011.10.06 22:43:46.644,1.23743,1.23785,2.25,1.50
2011.10.06 22:43:49.643,1.23756,1.23782,1.50,1.50
2011.10.06 22:43:50.092,1.2375,1.23786,2.25,1.50
2011.10.06 22:43:50.334,1.23742,1.23786,1.50,1.50
2011.10.06 22:43:50.453,1.23742,1.23792,1.50,1.50
2011.10.06 22:43:50.691,1.23742,1.23793,1.50,1.50
2011.10.06 22:43:51.276,1.23732,1.23793,1.72,1.50
2011.10.06 22:43:51.510,1.23732,1.23793,1.72,1.50
2011.10.06 22:43:56.620,1.23739,1.23792,1.50,1.50
2011.10.06 22:43:57.191,1.23742,1.23791,1.50,1.50
2011.10.06 22:44:01.432,1.23737,1.23791,1.72,1.50
2011.10.06 22:44:02.832,1.23747,1.23794,1.50,1.50
2011.10.06 22:44:03.841,1.23747,1.23794,1.50,1.50
2011.10.06 22:44:09.162,1.23748,1.23792,1.50,1.50
2011.10.06 22:44:09.513,1.2375,1.23792,3.00,1.50
2011.10.06 22:44:10.071,1.2375,1.23792,1.50,1.50
2011.10.06 22:44:14.529,1.2375,1.23792,3.00,1.50
2011.10.06 22:44:15.673,1.23753,1.23792,2.25,1.50
2011.10.06 22:44:16.228,1.23761,1.23792,1.50,1.50
2011.10.06 22:44:27.533,1.23761,1.23796,1.50,1.50
2011.10.06 22:44:27.650,1.2376,1.23793,1.50,1.50
2011.10.06 22:44:27.882,1.23761,1.23794,1.50,1.50
2011.10.06 22:44:28.342,1.23762,1.23796,1.50,1.50
2011.10.06 22:44:28.583,1.23763,1.23796,1.50,1.50
2011.10.06 22:44:44.033,1.2376,1.23789,1.50,1.50
2011.10.06 22:44:44.610,1.23761,1.23789,1.50,1.50
2011.10.06 22:44:55.043,1.23765,1.23793,1.50,1.50
2011.10.06 22:44:55.400,1.23764,1.23796,1.88,1.88
2011.10.06 22:44:56.931,1.2377,1.23796,2.25,1.13
2011.10.06 22:44:57.052,1.2377,1.23796,3.75,1.13
2011.10.06 22:44:57.172,1.23773,1.23801,1.13,1.16
2011.10.06 22:44:57.294,1.23773,1.23797,1.13,1.50
2011.10.06 22:44:57.687,1.23769,1.23797,2.25,1.50
2011.10.06 22:44:57.816,1.23752,1.23794,1.50,1.50
2011.10.06 22:44:57.942,1.23752,1.23794,1.50,1.50
2011.10.06 22:44:58.300,1.23748,1.23791,1.50,1.50
2011.10.06 22:44:58.541,1.23748,1.23791,1.50,1.50
2011.10.06 22:44:58.784,1.23748,1.23791,1.50,1.50
2011.10.06 22:44:59.943,1.23748,1.23791,1.50,1.50
2011.10.06 22:45:00.065,1.23744,1.23791,1.50,1.50
2011.10.06 22:45:04.475,1.23744,1.23791,1.50,1.50
2011.10.06 22:45:19.099,1.23744,1.23791,1.50,1.50
2011.10.06 22:45:42.400,1.23744,1.23791,1.50,3.00
2011.10.06 22:45:44.470,1.23744,1.23791,1.50,1.50
2011.10.06 22:45:49.811,1.23744,1.2379,1.50,2.25
2011.10.06 22:45:51.854,1.23746,1.23791,1.50,1.50
2011.10.06 22:46:00.587,1.23746,1.23791,1.50,1.50
2011.10.06 22:46:01.182,1.23748,1.23803,1.50,1.50
2011.10.06 22:46:01.640,1.23748,1.238,1.50,1.50
2011.10.06 22:46:05.070,1.23748,1.23804,1.50,1.50
2011.10.06 22:46:05.779,1.23748,1.23804,1.50,1.50
2011.10.06 22:46:06.460,1.23748,1.23804,1.50,1.50
2011.10.06 22:46:10.152,1.23748,1.23806,1.72,1.50
2011.10.06 22:46:10.320,1.2375,1.2381,1.50,1.50
2011.10.06 22:46:10.791,1.2375,1.2381,1.50,1.50
2011.10.06 22:46:11.151,1.23756,1.23806,1.50,2.25
2011.10.06 22:46:12.080,1.23756,1.23807,1.50,2.25
2011.10.06 22:46:12.493,1.23756,1.23809,1.50,1.50
2011.10.06 22:46:13.803,1.23756,1.23808,2.25,2.25
2011.10.06 22:46:18.698,1.2376,1.2381,1.50,3.00
2011.10.06 22:46:18.930,1.2376,1.23807,1.50,2.25
2011.10.06 22:46:25.667,1.23764,1.23804,1.50,2.25
2011.10.06 22:46:26.317,1.23764,1.23806,1.50,1.50
2011.10.06 22:46:26.550,1.23764,1.23805,1.50,2.25
2011.10.06 22:46:27.251,1.23764,1.23806,1.50,1.50
2011.10.06 22:46:27.481,1.23764,1.23803,1.50,2.25
2011.10.06 22:46:28.831,1.23764,1.23806,1.50,3.00
2011.10.06 22:46:29.391,1.23764,1.23805,1.50,2.25
2011.10.06 22:46:35.681,1.23762,1.23801,1.50,2.25
2011.10.06 22:46:35.786,1.23737,1.23796,2.47,2.25
2011.10.06 22:46:35.913,1.23736,1.23791,1.50,2.25
2011.10.06 22:46:36.480,1.23734,1.23792,1.50,2.25
2011.10.06 22:46:37.492,1.23732,1.23791,1.72,2.25
2011.10.06 22:46:38.038,1.23735,1.23792,1.50,2.25
2011.10.06 22:46:39.821,1.23731,1.23791,1.72,2.25
2011.10.06 22:46:41.692,1.23731,1.23791,1.72,2.25
2011.10.06 22:46:42.840,1.23731,1.23793,1.72,1.50
2011.10.06 22:46:43.100,1.23733,1.23789,1.50,2.25
2011.10.06 22:46:47.030,1.23732,1.23791,1.72,2.25
2011.10.06 22:46:49.862,1.23733,1.23791,1.50,2.25
2011.10.06 22:46:50.212,1.23747,1.23786,3.75,2.25
2011.10.06 22:46:53.379,1.23756,1.23808,1.50,2.25
2011.10.06 22:46:54.982,1.23755,1.23807,1.50,2.25
2011.10.06 22:46:55.345,1.23756,1.23806,2.25,2.25
2011.10.06 22:46:57.760,1.23756,1.23798,1.50,1.50
2011.10.06 22:46:57.883,1.23756,1.23794,1.50,1.50
2011.10.06 22:46:58.001,1.23755,1.23794,2.25,1.50
2011.10.06 22:47:00.042,1.23756,1.23794,1.50,1.50
2011.10.06 22:47:00.404,1.23776,1.23804,1.50,1.50
2011.10.06 22:47:00.763,1.23768,1.23804,1.50,1.50
2011.10.06 22:47:00.885,1.23765,1.23804,1.50,1.50
2011.10.06 22:47:01.123,1.23765,1.23811,1.50,1.50
2011.10.06 22:47:01.474,1.23765,1.23807,1.50,2.25
2011.10.06 22:47:06.991,1.23765,1.23809,1.50,2.25
2011.10.06 22:47:30.869,1.23765,1.23811,1.50,1.50
2011.10.06 22:47:33.814,1.23765,1.23809,1.50,2.25
2011.10.06 22:47:34.437,1.23769,1.2381,1.50,3.00
2011.10.06 22:47:36.482,1.23762,1.2381,1.50,2.25
2011.10.06 22:47:36.622,1.23746,1.23811,2.25,1.13
2011.10.06 22:47:37.440,1.23746,1.23812,1.50,1.50
2011.10.06 22:47:40.935,1.23747,1.23812,2.25,1.50
2011.10.06 22:47:42.205,1.23747,1.23809,2.25,2.25
2011.10.06 22:47:50.613,1.23749,1.23812,2.25,3.00
2011.10.06 22:47:58.860,1.23746,1.23812,3.00,3.00
2011.10.06 22:48:14.550,1.23747,1.23809,2.25,2.25
2011.10.06 22:48:41.533,1.23749,1.23807,1.50,1.50
2011.10.06 22:48:41.773,1.23749,1.23806,1.50,2.25
2011.10.06 22:48:42.131,1.23742,1.23806,1.50,2.25
2011.10.06 22:48:42.751,1.2374,1.2381,1.50,3.00
2011.10.06 22:48:49.912,1.2374,1.2381,3.22,1.50
2011.10.06 22:48:50.722,1.2375,1.2381,1.50,1.50
2011.10.06 22:48:51.083,1.2375,1.23805,1.50,2.25
2011.10.06 22:48:51.324,1.23748,1.23807,1.50,2.25
2011.10.06 22:48:51.446,1.23746,1.23807,1.50,2.25
2011.10.06 22:48:52.502,1.23744,1.23805,1.50,1.50
2011.10.06 22:48:52.982,1.23742,1.23801,1.50,2.25
2011.10.06 22:48:57.034,1.23735,1.23802,1.72,1.50
2011.10.06 22:48:57.272,1.23732,1.23799,2.47,2.25
2011.10.06 22:49:02.700,1.23732,1.23796,1.72,2.25
2011.10.06 22:49:06.270,1.23735,1.23799,1.72,2.25
2011.10.06 22:49:07.452,1.23735,1.23797,1.72,2.25
2011.10.06 22:49:09.456,1.23738,1.238,1.50,2.25
2011.10.06 22:49:09.825,1.23746,1.23802,1.50,2.25
2011.10.06 22:49:10.185,1.23752,1.23804,1.50,2.25
2011.10.06 22:49:10.423,1.23746,1.23806,1.50,2.25
2011.10.06 22:49:11.094,1.23746,1.23807,1.50,1.50
2011.10.06 22:49:11.442,1.23746,1.23802,1.50,2.25
2011.10.06 22:49:12.271,1.23745,1.23804,1.50,2.25
2011.10.06 22:49:12.516,1.23744,1.23805,2.25,1.50
2011.10.06 22:49:16.991,1.2375,1.23808,1.50,1.13
2011.10.06 22:49:17.111,1.23749,1.23806,1.50,2.25
2011.10.06 22:49:19.864,1.23749,1.23805,1.50,1.50
2011.10.06 22:49:22.529,1.23756,1.23805,1.50,1.50
2011.10.06 22:49:22.893,1.23755,1.23802,1.50,2.25
2011.10.06 22:49:23.460,1.23755,1.23804,1.50,2.25
2011.10.06 22:49:23.892,1.23753,1.23809,1.50,2.25
2011.10.06 22:49:24.252,1.23751,1.23809,1.50,2.25
2011.10.06 22:49:26.150,1.2375,1.23807,1.50,2.25
2011.10.06 22:49:31.853,1.23749,1.23799,1.50,1.50
2011.10.06 22:49:32.437,1.23738,1.23788,1.50,2.25
2011.10.06 22:49:34.323,1.23736,1.23786,1.50,2.25
2011.10.06 22:49:34.682,1.23733,1.23778,1.50,1.50
2011.10.06 22:49:36.664,1.23733,1.23774,1.50,1.50
2011.10.06 22:49:37.020,1.23728,1.23769,1.50,1.50
2011.10.06 22:49:38.742,1.23735,1.23769,1.50,1.50
2011.10.06 22:49:39.102,1.23746,1.23772,1.50,1.50
2011.10.06 22:49:39.343,1.23739,1.23797,1.50,1.50
2011.10.06 22:49:40.274,1.2374,1.23799,1.50,2.25
2011.10.06 22:49:41.272,1.23739,1.23795,1.50,2.25
2011.10.06 22:49:43.609,1.23741,1.23796,1.50,2.25
2011.10.06 22:49:44.162,1.23741,1.23793,1.50,2.25
2011.10.06 22:49:50.474,1.2374,1.23796,1.50,2.25
2011.10.06 22:49:52.669,1.23741,1.23792,1.50,2.25
2011.10.06 22:49:56.189,1.23741,1.23796,1.50,2.25
2011.10.06 22:49:57.999,1.2374,1.23795,1.50,2.25
2011.10.06 22:50:00.879,1.2374,1.23798,1.50,2.25
2011.10.06 22:50:02.139,1.23741,1.23792,1.50,2.25
2011.10.06 22:50:05.940,1.23741,1.23795,1.50,2.25
2011.10.06 22:50:08.179,1.23741,1.23798,1.50,2.25
2011.10.06 22:50:09.320,1.23741,1.23795,1.50,2.25
2011.10.06 22:50:11.967,1.23733,1.23794,1.50,2.25
2011.10.06 22:50:19.119,1.23733,1.23795,1.50,1.50
2011.10.06 22:50:19.592,1.23732,1.23804,1.72,2.63
2011.10.06 22:50:20.162,1.23731,1.23798,1.72,2.25
2011.10.06 22:50:22.758,1.23731,1.23799,1.72,2.25
2011.10.06 22:50:23.268,1.23731,1.23799,1.72,2.25
2011.10.06 22:50:25.328,1.23731,1.23799,1.72,2.25
2011.10.06 22:50:25.667,1.23731,1.23801,1.72,2.25
2011.10.06 22:50:26.378,1.23731,1.23799,1.72,2.25
2011.10.06 22:50:26.668,1.23731,1.23802,1.72,2.25
2011.10.06 22:50:27.448,1.23731,1.23797,1.72,2.25
2011.10.06 22:50:27.967,1.23731,1.23797,1.72,2.25
2011.10.06 22:50:29.308,1.23731,1.23801,1.72,2.25
2011.10.06 22:50:30.697,1.23731,1.23802,1.72,2.25
2011.10.06 22:50:32.078,1.23731,1.23801,1.72,2.25
2011.10.06 22:50:32.479,1.23731,1.23803,1.72,2.25
2011.10.06 22:50:33.891,1.23731,1.23795,1.72,2.25
2011.10.06 22:50:35.903,1.23727,1.23795,1.72,2.25
2011.10.06 22:50:36.025,1.23724,1.23795,1.72,2.25
2011.10.06 22:50:44.568,1.23724,1.23799,1.72,2.25
2011.10.06 22:50:45.719,1.23724,1.23796,1.72,2.25
2011.10.06 22:50:45.840,1.23724,1.23799,1.72,2.25
2011.10.06 22:50:48.489,1.23724,1.23796,1.72,2.25
2011.10.06 22:50:49.157,1.23723,1.23796,1.72,2.25
2011.10.06 22:50:49.524,1.23723,1.23792,1.72,2.25
2011.10.06 22:50:50.484,1.23722,1.23794,1.72,2.25
2011.10.06 22:50:51.079,1.23722,1.23793,1.72,2.25
2011.10.06 22:50:53.441,1.23722,1.2379,1.72,2.25
2011.10.06 22:50:54.451,1.2372,1.2379,1.72,2.25
2011.10.06 22:50:54.572,1.23715,1.23793,2.35,2.25
2011.10.06 22:50:54.690,1.23721,1.23787,1.72,2.25
2011.10.06 22:50:58.399,1.23721,1.23792,1.72,2.25
2011.10.06 22:51:05.058,1.2372,1.23794,1.72,2.25
2011.10.06 22:51:14.480,1.2372,1.23788,1.72,2.25
2011.10.06 22:51:16.191,1.23723,1.23788,1.72,2.25
2011.10.06 22:51:16.311,1.23723,1.23787,1.72,2.25
2011.10.06 22:51:17.501,1.2373,1.23787,1.50,2.25
2011.10.06 22:51:18.089,1.2373,1.23785,1.50,2.25
2011.10.06 22:51:18.332,1.23724,1.23788,1.72,2.25
2011.10.06 22:51:28.367,1.23724,1.23784,1.72,2.25
2011.10.06 22:51:28.934,1.23724,1.23786,1.72,2.25
2011.10.06 22:51:33.279,1.23721,1.23784,1.72,2.25
2011.10.06 22:51:33.646,1.23718,1.2378,1.50,2.25
2011.10.06 22:51:34.012,1.23717,1.23777,1.50,2.25
2011.10.06 22:51:34.720,1.23717,1.23781,1.50,2.25
2011.10.06 22:51:38.837,1.23714,1.2378,1.72,3.75
2011.10.06 22:51:39.469,1.23709,1.23774,1.72,1.50
2011.10.06 22:51:39.601,1.23709,1.23772,1.72,2.25
2011.10.06 22:51:39.848,1.23704,1.23769,1.72,1.50
2011.10.06 22:51:39.978,1.23707,1.23766,1.50,2.63
2011.10.06 22:51:40.104,1.23708,1.23766,1.50,2.63
2011.10.06 22:51:40.230,1.23708,1.23758,1.50,1.50
2011.10.06 22:51:40.605,1.23707,1.23767,1.50,3.41
2011.10.06 22:51:41.273,1.23717,1.23767,1.50,1.50
2011.10.06 22:51:41.638,1.23717,1.23765,1.50,2.25
2011.10.06 22:51:41.884,1.23717,1.23768,1.50,3.00
2011.10.06 22:51:42.246,1.23712,1.23764,1.50,2.25
2011.10.06 22:51:42.378,1.23713,1.23762,1.50,1.50
2011.10.06 22:51:42.504,1.23711,1.23762,2.25,1.50
2011.10.06 22:51:44.940,1.23706,1.23754,2.25,1.50
2011.10.06 22:51:45.761,1.23706,1.2375,1.50,1.16
2011.10.06 22:51:46.114,1.23709,1.23751,2.25,4.16
2011.10.06 22:51:46.661,1.23709,1.23746,3.00,2.66
2011.10.06 22:51:47.144,1.23709,1.23744,2.25,1.16
2011.10.06 22:51:47.385,1.23705,1.23741,1.50,2.66
2011.10.06 22:51:47.633,1.23706,1.23741,3.00,2.25
2011.10.06 22:51:47.996,1.23706,1.23739,2.25,1.16
2011.10.06 22:51:48.688,1.23706,1.23736,2.25,2.66
2011.10.06 22:51:49.406,1.23706,1.23734,2.25,1.16
2011.10.06 22:51:49.770,1.23705,1.23731,1.50,1.16
2011.10.06 22:51:50.350,1.23705,1.23733,1.50,1.16
2011.10.06 22:51:54.349,1.23705,1.23732,1.50,1.16
2011.10.06 22:51:54.911,1.23705,1.23731,1.50,1.50
2011.10.06 22:51:55.464,1.23705,1.23732,1.50,1.16
2011.10.06 22:51:55.582,1.23705,1.23733,1.50,1.16
2011.10.06 22:51:57.065,1.23705,1.23734,1.50,1.16
2011.10.06 22:51:58.649,1.23705,1.23736,1.50,2.66
2011.10.06 22:51:58.771,1.23705,1.23736,1.50,1.16
2011.10.06 22:52:00.011,1.23706,1.23739,2.25,1.16
2011.10.06 22:52:00.580,1.23706,1.23739,2.25,1.16
2011.10.06 22:52:07.369,1.23706,1.23738,2.25,1.16
2011.10.06 22:52:13.462,1.23706,1.23741,2.25,2.66
2011.10.06 22:52:13.942,1.23705,1.23739,1.50,1.50
2011.10.06 22:52:14.646,1.23704,1.23737,1.50,1.50
2011.10.06 22:52:15.283,1.23705,1.23739,1.50,1.50
2011.10.06 22:52:15.852,1.23705,1.23744,3.00,1.16
2011.10.06 22:52:16.215,1.23718,1.23746,1.50,1.50
2011.10.06 22:52:16.583,1.23718,1.23744,1.50,1.50
2011.10.06 22:52:16.984,1.23705,1.23749,1.50,1.50
2011.10.06 22:52:17.342,1.23706,1.23749,2.25,1.50
2011.10.06 22:52:17.464,1.23705,1.23749,3.00,1.50
2011.10.06 22:52:19.579,1.23705,1.23749,3.00,2.04
2011.10.06 22:52:19.920,1.23706,1.23735,1.50,1.50
2011.10.06 22:52:22.121,1.23705,1.23737,2.25,1.50
2011.10.06 22:52:25.463,1.23708,1.2374,2.25,1.50
2011.10.06 22:52:26.309,1.23721,1.23742,2.25,1.50
2011.10.06 22:52:26.436,1.23733,1.23747,1.50,1.50
2011.10.06 22:52:26.569,1.23737,1.23765,2.25,1.16
2011.10.06 22:52:26.696,1.2374,1.23766,3.00,1.50
2011.10.06 22:52:26.824,1.23737,1.23776,1.50,1.50
2011.10.06 22:52:27.382,1.2374,1.2378,1.50,3.00
2011.10.06 22:52:30.411,1.23741,1.23776,1.50,2.25
2011.10.06 22:52:31.079,1.23748,1.23776,1.50,2.25
2011.10.06 22:52:31.200,1.23755,1.23783,1.50,1.50
2011.10.06 22:52:31.323,1.23755,1.23784,1.50,1.50
2011.10.06 22:52:31.441,1.23758,1.23784,1.50,1.50
2011.10.06 22:52:31.795,1.2376,1.23784,1.13,1.50
2011.10.06 22:52:37.311,1.2376,1.23789,1.13,1.50
2011.10.06 22:52:39.614,1.2376,1.23789,1.13,1.50
2011.10.06 22:52:39.854,1.23754,1.23778,1.50,1.50
2011.10.06 22:52:40.348,1.23752,1.23781,1.50,1.50
2011.10.06 22:52:40.971,1.23748,1.23777,2.25,1.50
2011.10.06 22:52:41.101,1.23748,1.23776,1.50,1.50
2011.10.06 22:52:42.916,1.23752,1.23776,1.50,1.50
2011.10.06 22:52:43.044,1.23757,1.23781,1.13,1.50
2011.10.06 22:52:43.654,1.23754,1.2378,1.50,1.50
2011.10.06 22:52:44.560,1.23754,1.2378,2.25,1.50
2011.10.06 22:52:46.409,1.23753,1.23775,1.72,1.50
2011.10.06 22:52:46.544,1.23747,1.23771,1.50,1.50
2011.10.06 22:52:46.667,1.23735,1.23766,1.50,1.13
2011.10.06 22:52:46.791,1.23731,1.23759,1.50,1.50
2011.10.06 22:52:50.453,1.23731,1.23761,1.50,1.50
2011.10.06 22:52:50.572,1.23733,1.23771,2.25,1.50
2011.10.06 22:52:50.812,1.23735,1.23774,2.25,1.50
2011.10.06 22:52:50.932,1.2374,1.23776,2.25,1.50
2011.10.06 22:52:51.981,1.23738,1.23774,2.25,1.50
2011.10.06 22:52:58.220,1.23745,1.23778,1.50,1.50
2011.10.06 22:52:58.344,1.23745,1.23775,1.50,1.50
2011.10.06 22:52:58.462,1.23734,1.23774,1.50,1.50
2011.10.06 22:52:58.704,1.23732,1.23773,1.50,1.50
2011.10.06 22:52:58.835,1.23722,1.23773,2.25,1.50
2011.10.06 22:52:58.965,1.23714,1.23776,1.50,3.00
2011.10.06 22:52:59.092,1.23712,1.23776,1.50,3.00
2011.10.06 22:52:59.214,1.23712,1.23766,1.50,1.50
2011.10.06 22:52:59.924,1.23712,1.2376,1.50,2.25
2011.10.06 22:53:00.056,1.23712,1.23768,1.50,1.50
2011.10.06 22:53:00.306,1.23712,1.23775,1.72,3.00
2011.10.06 22:53:00.434,1.23712,1.23775,2.47,1.50
2011.10.06 22:53:00.556,1.23714,1.23777,1.72,1.50
2011.10.06 22:53:01.065,1.23714,1.23777,1.72,1.50
2011.10.06 22:53:03.832,1.23714,1.23777,1.72,1.50
2011.10.06 22:53:06.881,1.23714,1.23777,1.72,1.50
2011.10.06 22:53:07.769,1.23719,1.23777,1.72,1.50
2011.10.06 22:53:08.120,1.23746,1.23777,1.13,1.50
2011.10.06 22:53:08.469,1.23746,1.23779,1.13,1.50
2011.10.06 22:53:10.420,1.23746,1.23779,1.13,1.50
2011.10.06 22:53:10.545,1.23743,1.23776,1.13,1.50
2011.10.06 22:53:11.030,1.23739,1.23771,3.00,1.50
2011.10.06 22:53:17.069,1.23739,1.2377,1.50,1.50
2011.10.06 22:53:17.630,1.23743,1.2377,2.25,1.50
2011.10.06 22:53:17.752,1.23743,1.23773,2.25,1.50
2011.10.06 22:53:18.090,1.23743,1.23773,1.50,1.50
2011.10.06 22:53:20.599,1.23743,1.23773,1.50,1.50
2011.10.06 22:53:21.160,1.23743,1.23773,1.50,1.50
2011.10.06 22:53:25.349,1.23743,1.23774,1.50,1.50
2011.10.06 22:53:28.801,1.23743,1.23774,2.25,1.50
2011.10.06 22:53:30.892,1.23746,1.23777,1.13,1.50
2011.10.06 22:53:31.124,1.23745,1.23777,2.25,2.25
2011.10.06 22:53:31.243,1.23743,1.23776,1.50,1.50
2011.10.06 22:53:31.364,1.23738,1.23776,1.50,1.50
2011.10.06 22:53:31.482,1.23721,1.23777,1.50,1.50
2011.10.06 22:53:31.601,1.23715,1.23777,1.50,1.50
2011.10.06 22:53:31.724,1.23713,1.23774,1.50,1.50
2011.10.06 22:53:32.241,1.23712,1.23774,1.50,1.50
2011.10.06 22:53:35.461,1.23712,1.23774,1.72,1.50
2011.10.06 22:53:41.610,1.23712,1.23774,1.72,1.50
2011.10.06 22:53:41.960,1.23712,1.23773,1.50,2.25
2011.10.06 22:53:44.444,1.23712,1.23774,1.50,1.50
2011.10.06 22:53:44.682,1.23712,1.23774,1.72,1.50
2011.10.06 22:53:45.248,1.23717,1.23777,2.25,1.50
2011.10.06 22:53:45.374,1.23715,1.23776,1.50,1.50
2011.10.06 22:53:46.612,1.23715,1.23778,1.72,1.50
2011.10.06 22:53:46.973,1.23715,1.23772,1.72,2.25
2011.10.06 22:53:47.336,1.23715,1.23755,1.50,1.50
2011.10.06 22:53:47.465,1.23713,1.23754,1.50,1.50
2011.10.06 22:53:48.071,1.23714,1.23756,1.50,1.50
2011.10.06 22:53:49.738,1.23712,1.23772,1.50,2.25
2011.10.06 22:53:49.863,1.23723,1.23772,1.50,2.25
2011.10.06 22:53:50.222,1.23733,1.23777,2.25,1.50
2011.10.06 22:53:55.138,1.23749,1.23781,2.25,1.50
2011.10.06 22:53:55.502,1.23747,1.23779,2.25,1.50
2011.10.06 22:53:56.787,1.23744,1.23776,2.25,1.50
2011.10.06 22:53:56.917,1.23736,1.23779,1.50,1.50
2011.10.06 22:53:57.045,1.23736,1.23776,1.50,1.50
2011.10.06 22:53:57.769,1.23731,1.23761,1.50,1.50
2011.10.06 22:54:00.423,1.2373,1.23761,1.50,1.50
2011.10.06 22:54:00.668,1.23728,1.23755,1.50,1.50
2011.10.06 22:54:00.794,1.23728,1.23761,3.00,2.25
2011.10.06 22:54:01.152,1.23729,1.23776,2.47,1.50
2011.10.06 22:54:01.392,1.23729,1.23776,1.72,1.50
2011.10.06 22:54:01.996,1.23741,1.23781,2.25,1.50
2011.10.06 22:54:02.342,1.23741,1.23781,2.25,1.50
2011.10.06 22:54:02.468,1.2373,1.23779,1.50,1.50
2011.10.06 22:54:03.069,1.23723,1.23781,2.47,2.25
2011.10.06 22:54:03.317,1.23723,1.23777,1.72,1.50
2011.10.06 22:54:03.443,1.23723,1.23775,1.50,1.50
2011.10.06 22:54:03.564,1.23714,1.23764,3.00,1.50
2011.10.06 22:54:03.908,1.23714,1.23764,1.50,1.50
2011.10.06 22:54:07.481,1.23714,1.23769,1.50,1.50
2011.10.06 22:54:07.602,1.23714,1.23771,1.50,1.50
2011.10.06 22:54:08.191,1.23714,1.23763,1.50,2.25
2011.10.06 22:54:08.756,1.23714,1.23755,1.50,1.50
2011.10.06 22:54:10.222,1.23714,1.23759,1.50,1.50
2011.10.06 22:54:10.584,1.23732,1.23766,2.25,1.50
2011.10.06 22:54:10.945,1.23736,1.23768,2.25,1.50
2011.10.06 22:54:11.411,1.23731,1.23777,2.25,1.50
2011.10.06 22:54:11.655,1.23733,1.23778,2.25,1.50
2011.10.06 22:54:14.027,1.23733,1.23778,2.25,1.50
2011.10.06 22:54:16.501,1.23734,1.23779,1.50,1.50
2011.10.06 22:54:16.875,1.2374,1.2378,2.25,1.50
2011.10.06 22:54:17.722,1.23725,1.23776,2.47,1.50
2011.10.06 22:54:36.002,1.23732,1.23776,2.25,1.50
2011.10.06 22:54:36.360,1.2373,1.23776,2.25,1.50
2011.10.06 22:54:36.481,1.23724,1.23776,1.50,1.50
2011.10.06 22:54:42.068,1.2372,1.23777,2.47,1.50
2011.10.06 22:54:42.190,1.23718,1.23777,3.22,1.50
2011.10.06 22:54:42.639,1.2372,1.23777,2.47,1.50
2011.10.06 22:54:52.501,1.23723,1.23777,2.47,1.50
2011.10.06 22:54:52.950,1.23722,1.23773,2.25,1.50
2011.10.06 22:55:07.611,1.2372,1.23775,1.72,2.25
2011.10.06 22:55:08.082,1.23717,1.23772,1.72,2.25
2011.10.06 22:55:18.340,1.23719,1.23773,2.47,1.50
2011.10.06 22:55:21.381,1.23721,1.23773,2.47,1.50
2011.10.06 22:55:29.630,1.23726,1.23777,1.72,1.50
2011.10.06 22:55:31.893,1.23724,1.23774,1.72,1.50
2011.10.06 22:56:14.497,1.23726,1.23777,1.72,1.50
2011.10.06 22:56:47.059,1.23728,1.23778,2.47,1.50
2011.10.06 22:57:02.650,1.2373,1.23776,2.25,1.50
2011.10.06 22:57:03.028,1.23733,1.23776,2.25,1.50
2011.10.06 22:57:03.395,1.23737,1.23779,2.25,1.50
2011.10.06 22:57:03.637,1.23727,1.23774,2.25,2.25
2011.10.06 22:57:03.768,1.23727,1.23777,2.25,1.50
2011.10.06 22:57:04.134,1.23713,1.23776,1.50,1.13
2011.10.06 22:57:05.894,1.23713,1.23771,1.50,2.25
2011.10.06 22:57:09.611,1.23713,1.23766,1.50,3.00
2011.10.06 22:57:09.966,1.23713,1.23758,1.50,2.25
2011.10.06 22:57:10.544,1.23713,1.2376,1.50,3.00
2011.10.06 22:57:24.765,1.23713,1.2376,1.50,1.50
2011.10.06 22:57:32.167,1.23713,1.2376,1.50,1.50
2011.10.06 22:57:39.971,1.23713,1.2376,1.50,3.00
2011.10.06 22:57:41.433,1.23713,1.23733,1.50,1.50
2011.10.06 22:57:41.794,1.23696,1.23724,1.50,1.50
2011.10.06 22:57:42.262,1.23699,1.23737,1.50,1.13
2011.10.06 22:57:42.384,1.23705,1.23737,1.50,1.13
2011.10.06 22:57:42.744,1.23717,1.23741,1.50,1.50
2011.10.06 22:57:43.554,1.23717,1.23741,1.50,1.50
2011.10.06 22:57:47.342,1.23717,1.2374,1.50,1.35
2011.10.06 22:57:48.025,1.2368,1.23713,1.10,1.50
2011.10.06 22:57:48.168,1.23672,1.23711,1.50,1.50
2011.10.06 22:57:48.775,1.23673,1.23714,1.50,1.50
2011.10.06 22:57:48.902,1.23673,1.23714,1.50,1.50
2011.10.06 22:57:49.504,1.23674,1.23704,1.50,1.50
2011.10.06 22:57:50.066,1.23675,1.23704,1.50,1.50
2011.10.06 22:57:50.194,1.23671,1.23704,1.50,1.50
2011.10.06 22:57:54.920,1.23673,1.23707,2.25,2.25
2011.10.06 22:57:58.381,1.2367,1.23697,1.50,1.50
2011.10.06 22:57:58.505,1.23668,1.23696,1.50,1.50
2011.10.06 22:57:58.872,1.23668,1.23696,1.50,1.50
2011.10.06 22:57:59.852,1.23669,1.23703,1.50,1.29
2011.10.06 22:58:00.090,1.23669,1.23706,1.50,1.50
2011.10.06 22:58:04.160,1.23662,1.23706,1.50,1.50
2011.10.06 22:58:04.410,1.23681,1.23711,1.50,1.16
2011.10.06 22:58:04.773,1.23693,1.23717,4.14,1.16
2011.10.06 22:58:06.512,1.23693,1.23717,3.93,1.16
2011.10.06 22:58:06.632,1.23693,1.23717,3.93,1.16
2011.10.06 22:58:06.753,1.23674,1.23717,3.75,1.16
2011.10.06 22:58:06.872,1.23674,1.23718,2.25,1.16
2011.10.06 22:58:07.464,1.23674,1.23711,2.25,1.50
2011.10.06 22:58:07.821,1.23674,1.23711,3.00,7.16
2011.10.06 22:58:08.985,1.23692,1.23711,10.50,1.91
2011.10.06 22:58:09.593,1.23692,1.23712,12.00,6.41
2011.10.06 22:58:10.198,1.23692,1.23712,12.00,6.41
2011.10.06 22:58:10.683,1.23682,1.23711,2.25,1.91
2011.10.06 22:58:10.802,1.23681,1.23711,3.00,2.66
2011.10.06 22:58:12.751,1.23679,1.2371,2.25,1.16
2011.10.06 22:58:14.730,1.23682,1.23709,3.00,2.25
2011.10.06 22:58:15.502,1.23682,1.23709,3.00,1.50
2011.10.06 22:58:16.381,1.23681,1.23707,3.00,1.50
2011.10.06 22:58:17.212,1.23681,1.23707,3.00,1.50
2011.10.06 22:58:17.806,1.23681,1.23707,3.00,1.50
2011.10.06 22:58:18.581,1.23681,1.23709,3.22,1.50
2011.10.06 22:58:18.930,1.23687,1.23706,11.25,1.50
2011.10.06 22:58:19.050,1.23687,1.23706,11.25,1.50
2011.10.06 22:58:20.320,1.23687,1.23706,11.47,1.50
2011.10.06 22:58:20.553,1.23693,1.23715,1.72,1.16
2011.10.06 22:58:20.675,1.23699,1.23721,2.25,1.50
2011.10.06 22:58:20.794,1.23698,1.23727,3.00,1.88
2011.10.06 22:58:21.411,1.23711,1.23762,1.38,1.70
2011.10.06 22:58:21.947,1.23712,1.23765,1.60,1.50
2011.10.06 22:58:22.075,1.23712,1.23765,1.60,1.50
2011.10.06 22:58:26.435,1.23711,1.23731,1.38,3.18
2011.10.06 22:58:26.793,1.23699,1.23722,1.50,3.00
2011.10.06 22:58:26.911,1.23678,1.2373,1.59,2.63
2011.10.06 22:58:27.659,1.23678,1.2372,1.59,2.63
2011.10.06 22:58:28.532,1.23678,1.23711,1.59,1.16
2011.10.06 22:58:29.001,1.23688,1.23711,1.59,1.16
2011.10.06 22:58:29.460,1.23683,1.2371,1.72,1.16
2011.10.06 22:58:29.800,1.23684,1.2371,1.50,1.16
2011.10.06 22:58:30.921,1.23684,1.23711,1.50,1.91
2011.10.06 22:58:31.507,1.23683,1.2371,1.50,1.16
2011.10.06 22:58:32.211,1.23684,1.2371,1.50,1.16
2011.10.06 22:58:32.443,1.23678,1.23711,4.54,1.91
2011.10.06 22:58:32.684,1.23701,1.23732,4.56,1.91
2011.10.06 22:58:32.806,1.23701,1.23732,6.56,1.50
2011.10.06 22:58:33.052,1.23711,1.23758,1.13,1.50
