2008.04.30 01:00:00.825,1.6151,1.6156,15.50,17.40
2008.04.30 01:00:10.040,1.6151,1.6155,3.50,12.00
2008.04.30 01:00:12.550,1.6151,1.6156,15.50,17.40
2008.04.30 01:00:17.829,1.6151,1.6155,3.50,12.00
2008.04.30 01:00:56.816,1.6151,1.6156,15.50,17.40
2008.04.30 01:01:13.023,1.6151,1.61555,15.50,4.00
2008.04.30 01:01:13.280,1.6151,1.6155,3.50,12.00
2008.04.30 01:01:23.412,1.6151,1.6155,3.50,13.40
2008.04.30 01:01:35.485,1.6151,1.6155,3.20,13.40
2008.04.30 01:01:35.534,1.6151,1.61545,3.20,4.00
2008.04.30 01:01:35.703,1.6151,1.6154,3.20,12.00
2008.04.30 01:02:03.221,1.6151,1.6154,3.50,12.00
2008.04.30 01:02:03.438,1.6151,1.6154,3.20,12.00
2008.04.30 01:02:20.018,1.6151,1.6154,3.50,12.00
2008.04.30 01:02:20.344,1.6151,1.6155,3.50,14.20
2008.04.30 01:02:24.545,1.6151,1.6155,3.50,12.80
2008.04.30 01:02:27.433,1.6151,1.6155,3.50,14.20
2008.04.30 01:02:27.467,1.6151,1.61545,3.20,4.00
2008.04.30 01:02:27.521,1.6151,1.6154,3.20,12.00
2008.04.30 01:02:28.271,1.6151,1.6155,3.50,14.20
2008.04.30 01:02:31.324,1.6151,1.6155,3.20,14.20
2008.04.30 01:02:31.363,1.6151,1.6154,3.20,12.00
2008.04.30 01:02:31.897,1.6151,1.6155,3.20,18.20
2008.04.30 01:02:32.307,1.6151,1.6155,3.50,14.20
2008.04.30 01:02:35.675,1.6151,1.6155,3.20,14.20
2008.04.30 01:02:35.816,1.6151,1.6154,3.20,12.00
2008.04.30 01:02:37.841,1.6151,1.6154,3.50,12.00
2008.04.30 01:02:37.890,1.6151,1.6155,3.50,14.20
2008.04.30 01:02:38.070,1.6151,1.6155,3.50,12.80
2008.04.30 01:02:38.354,1.6151,1.6155,3.50,12.00
2008.04.30 01:02:38.474,1.6151,1.6155,3.50,13.40
2008.04.30 01:02:38.595,1.6151,1.6155,3.50,12.00
2008.04.30 01:02:46.317,1.6151,1.6156,15.50,17.40
2008.04.30 01:03:15.263,1.6151,1.6155,3.50,12.00
2008.04.30 01:03:43.354,1.6151,1.6156,15.50,17.40
2008.04.30 01:03:49.135,1.6151,1.6155,3.50,12.00
2008.04.30 01:04:35.101,1.61478,1.61508,9.10,4.00
2008.04.30 01:04:35.305,1.6148,1.6151,6.70,4.00
2008.04.30 01:04:41.429,1.61482,1.61512,0.80,16.00
2008.04.30 01:04:41.499,1.61489,1.61509,9.90,4.00
2008.04.30 01:04:41.528,1.61488,1.61518,6.40,4.00
2008.04.30 01:04:41.562,1.61488,1.61518,2.40,16.00
2008.04.30 01:04:41.846,1.61479,1.61519,6.70,4.00
2008.04.30 01:04:41.983,1.61475,1.61515,2.40,16.00
2008.04.30 01:04:42.012,1.61474,1.61514,6.70,5.60
2008.04.30 01:04:43.205,1.61474,1.61514,4.30,8.00
2008.04.30 01:04:43.379,1.61476,1.61516,2.40,4.00
2008.04.30 01:04:43.554,1.61475,1.61515,4.30,10.40
2008.04.30 01:04:43.728,1.61479,1.61509,4.30,10.40
2008.04.30 01:04:43.903,1.61478,1.61508,2.40,4.00
2008.04.30 01:04:49.043,1.61476,1.61506,2.40,16.00
2008.04.30 01:04:53.317,1.61472,1.61502,0.40,4.00
2008.04.30 01:04:53.416,1.61471,1.61501,6.70,5.60
2008.04.30 01:04:55.073,1.61473,1.61503,7.50,4.00
2008.04.30 01:04:55.259,1.61475,1.61505,4.30,10.40
2008.04.30 01:04:55.328,1.61476,1.61506,6.70,4.00
2008.04.30 01:04:57.863,1.61472,1.61512,8.30,4.00
2008.04.30 01:04:58.079,1.6147,1.6151,6.70,4.00
2008.04.30 01:05:20.784,1.6151,1.6156,15.50,17.40
2008.04.30 01:05:30.738,1.6151,1.6156,15.50,16.00
2008.04.30 01:05:32.441,1.6151,1.6156,15.50,17.40
2008.04.30 01:05:32.577,1.6151,1.6156,15.50,16.00
2008.04.30 01:05:37.653,1.6151,1.6156,15.50,17.40
2008.04.30 01:06:08.635,1.6151,1.6156,15.50,16.00
2008.04.30 01:06:09.942,1.6151,1.6156,15.50,17.40
2008.04.30 01:06:22.433,1.6151,1.6156,15.50,16.00
2008.04.30 01:06:29.281,1.6151,1.6156,15.50,17.40
2008.04.30 01:06:49.256,1.6151,1.6156,15.50,16.00
2008.04.30 01:06:53.131,1.6151,1.6156,15.50,17.40
2008.04.30 01:07:02.841,1.6151,1.6156,15.50,16.00
2008.04.30 01:07:56.670,1.6151,1.6156,15.50,17.40
2008.04.30 01:08:07.126,1.6151,1.6156,15.50,16.00
2008.04.30 01:08:19.865,1.6151,1.6156,15.50,17.40
2008.04.30 01:08:22.067,1.6151,1.6156,15.50,16.00
2008.04.30 01:08:22.161,1.6151,1.6156,16.30,15.20
2008.04.30 01:09:06.535,1.61507,1.61537,0.80,24.00
2008.04.30 01:09:06.792,1.615,1.61525,0.80,20.00
2008.04.30 01:09:12.133,1.6149,1.6152,1.60,12.00
2008.04.30 01:09:12.221,1.61483,1.61513,1.60,20.00
2008.04.30 01:09:12.400,1.61483,1.61509,0.80,20.00
2008.04.30 01:09:12.535,1.61485,1.6151,1.60,12.00
2008.04.30 01:09:12.707,1.61488,1.61518,0.80,24.00
2008.04.30 01:09:12.751,1.61494,1.61524,0.80,20.00
2008.04.30 01:09:12.821,1.61495,1.61535,1.60,12.00
2008.04.30 01:10:24.832,1.6151,1.6156,16.00,15.20
2008.04.30 01:10:57.719,1.6153,1.6156,0.40,15.20
2008.04.30 01:10:57.769,1.6153,1.6156,0.40,14.40
2008.04.30 01:10:57.895,1.6153,1.6156,12.30,2.40
2008.04.30 01:10:57.992,1.6153,1.6156,16.30,2.40
2008.04.30 01:11:12.622,1.6153,1.6156,16.30,3.20
2008.04.30 01:11:12.802,1.6153,1.6156,12.30,3.20
2008.04.30 01:11:13.809,1.6152,1.6156,4.80,15.20
2008.04.30 01:11:14.105,1.6151,1.6156,16.30,15.20
2008.04.30 01:11:16.896,1.6152,1.6156,0.40,15.20
2008.04.30 01:11:16.932,1.6152,1.6156,13.10,15.20
2008.04.30 01:11:34.660,1.6152,1.6156,12.30,15.20
2008.04.30 01:11:34.818,1.6152,1.6156,12.00,15.20
2008.04.30 01:11:34.897,1.6151,1.6156,20.30,15.20
2008.04.30 01:11:34.989,1.6151,1.6156,16.30,15.20
2008.04.30 01:11:38.020,1.6152,1.6156,1.10,15.20
2008.04.30 01:11:38.179,1.6152,1.6156,13.10,15.20
2008.04.30 01:11:40.163,1.6152,1.6156,12.30,15.20
2008.04.30 01:11:40.391,1.61515,1.6156,4.00,15.20
2008.04.30 01:11:40.531,1.6151,1.6156,16.30,15.20
2008.04.30 01:11:44.967,1.6152,1.6156,0.40,15.20
2008.04.30 01:11:45.014,1.6152,1.6156,12.30,15.20
2008.04.30 01:11:45.697,1.6152,1.6156,12.00,15.20
2008.04.30 01:11:45.744,1.6151,1.6156,20.30,15.20
2008.04.30 01:11:46.143,1.6151,1.6156,16.30,15.20
2008.04.30 01:11:48.479,1.6152,1.6156,0.40,15.20
2008.04.30 01:11:48.730,1.6152,1.6156,12.30,15.20
2008.04.30 01:12:15.438,1.6152,1.6156,0.40,15.20
2008.04.30 01:12:15.468,1.61515,1.6156,4.00,15.20
2008.04.30 01:12:15.499,1.6151,1.6156,20.30,15.20
2008.04.30 01:12:15.552,1.6151,1.6156,16.30,15.20
2008.04.30 01:13:24.761,1.61485,1.61515,2.40,20.00
2008.04.30 01:13:25.911,1.61495,1.61515,2.40,17.60
2008.04.30 01:13:25.991,1.61503,1.61523,2.40,14.40
2008.04.30 01:13:27.232,1.61513,1.61533,14.40,8.00
2008.04.30 01:13:27.348,1.61512,1.61542,2.40,12.00
2008.04.30 01:13:35.578,1.61503,1.61533,2.40,10.40
2008.04.30 01:13:45.066,1.61489,1.61529,2.40,10.40
2008.04.30 01:13:45.182,1.61481,1.61521,2.40,8.00
2008.04.30 01:13:45.279,1.61478,1.61518,2.40,14.40
2008.04.30 01:13:45.392,1.61482,1.61522,2.40,17.60
2008.04.30 01:13:52.824,1.61479,1.61529,2.40,16.80
2008.04.30 01:13:55.404,1.61476,1.61531,2.40,8.00
2008.04.30 01:13:55.948,1.61477,1.61527,2.40,10.40
2008.04.30 01:14:44.547,1.6152,1.6156,0.40,15.20
2008.04.30 01:14:44.651,1.6152,1.6156,1.10,15.20
2008.04.30 01:14:44.756,1.6152,1.6156,13.10,15.20
2008.04.30 01:15:14.537,1.6153,1.6156,0.40,15.20
2008.04.30 01:15:14.577,1.6153,1.6156,0.40,3.20
2008.04.30 01:15:14.838,1.6153,1.6156,1.10,2.40
2008.04.30 01:15:14.916,1.6153,1.6156,17.10,2.40
2008.04.30 01:15:15.450,1.6153,1.6156,16.30,2.40
2008.04.30 01:15:15.915,1.6153,1.6157,16.30,19.20
2008.04.30 01:15:16.132,1.6154,1.6156,0.40,0.80
2008.04.30 01:15:16.561,1.6153,1.6156,17.10,0.80
2008.04.30 01:15:16.807,1.6153,1.6156,5.10,0.80
2008.04.30 01:15:17.025,1.6153,1.6156,1.10,0.80
2008.04.30 01:15:17.253,1.6154,1.6156,0.40,0.80
2008.04.30 01:15:23.926,1.61535,1.6156,4.00,0.80
2008.04.30 01:15:23.951,1.6153,1.6156,17.10,0.80
2008.04.30 01:15:24.133,1.6153,1.6156,5.10,0.80
2008.04.30 01:15:24.339,1.6153,1.6156,1.10,0.80
2008.04.30 01:15:40.819,1.6153,1.6157,13.10,27.20
2008.04.30 01:15:40.928,1.6153,1.6156,13.10,0.80
2008.04.30 01:15:40.971,1.6154,1.6156,0.40,0.80
2008.04.30 01:15:49.927,1.6153,1.6156,16.30,0.80
2008.04.30 01:15:50.063,1.6153,1.6156,4.30,0.80
2008.04.30 01:15:50.213,1.6153,1.6156,0.40,0.80
2008.04.30 01:15:51.729,1.61525,1.6156,4.00,0.80
2008.04.30 01:15:51.779,1.6152,1.6156,16.00,0.80
2008.04.30 01:15:51.828,1.6152,1.6156,4.00,12.80
2008.04.30 01:15:51.881,1.6151,1.6156,18.70,12.80
2008.04.30 01:15:52.311,1.6151,1.6156,17.90,12.80
2008.04.30 01:15:52.404,1.6151,1.6156,17.90,13.60
2008.04.30 01:16:05.938,1.6153,1.6156,0.40,13.60
2008.04.30 01:16:06.010,1.6153,1.6156,0.40,0.80
2008.04.30 01:16:06.273,1.61525,1.6156,4.00,0.80
2008.04.30 01:16:06.494,1.61525,1.6156,4.00,12.80
2008.04.30 01:16:06.529,1.6152,1.6156,16.30,12.80
2008.04.30 01:16:06.819,1.6152,1.6156,12.30,12.80
2008.04.30 01:16:07.987,1.6152,1.6156,12.00,13.60
2008.04.30 01:16:08.073,1.6151,1.6156,21.90,12.80
2008.04.30 01:16:08.393,1.6151,1.6156,17.90,12.80
2008.04.30 01:16:08.901,1.6151,1.6156,18.70,12.80
2008.04.30 01:16:09.223,1.6151,1.6156,17.90,13.60
2008.04.30 01:16:11.905,1.6151,1.6156,17.60,13.60
2008.04.30 01:16:11.928,1.6151,1.61545,17.60,4.00
2008.04.30 01:16:11.976,1.6151,1.61545,5.60,4.00
2008.04.30 01:16:13.936,1.6151,1.6155,5.60,14.20
2008.04.30 01:16:14.003,1.6151,1.6155,5.90,14.20
2008.04.30 01:16:14.270,1.6151,1.6155,17.90,0.80
2008.04.30 01:16:14.393,1.6151,1.6156,17.90,13.60
2008.04.30 01:16:19.678,1.6151,1.6156,17.60,13.60
2008.04.30 01:16:19.856,1.6151,1.6156,17.60,15.00
2008.04.30 01:16:38.007,1.6151,1.6155,17.60,0.80
2008.04.30 01:16:38.082,1.6151,1.61545,17.60,4.00
2008.04.30 01:16:38.282,1.6151,1.6154,5.60,12.00
2008.04.30 01:16:41.777,1.6151,1.6154,5.90,12.00
2008.04.30 01:16:41.803,1.6151,1.6155,5.90,14.20
2008.04.30 01:16:44.417,1.6151,1.6155,5.60,14.20
2008.04.30 01:16:44.484,1.6151,1.61545,5.60,4.00
2008.04.30 01:16:44.503,1.6151,1.6154,5.60,12.00
2008.04.30 01:16:45.935,1.6151,1.6154,5.90,12.00
2008.04.30 01:16:46.070,1.6151,1.6155,5.90,14.20
2008.04.30 01:16:53.220,1.6151,1.6155,5.60,14.20
2008.04.30 01:16:53.333,1.6151,1.61545,5.60,4.00
2008.04.30 01:16:53.484,1.6151,1.6154,5.60,12.80
2008.04.30 01:17:18.063,1.6151,1.6154,5.60,12.00
2008.04.30 01:17:18.206,1.6151,1.6154,5.90,12.00
2008.04.30 01:17:18.420,1.6151,1.6155,5.90,14.20
2008.04.30 01:17:20.264,1.6151,1.6155,5.60,14.20
2008.04.30 01:17:42.551,1.6151,1.6155,5.90,14.20
2008.04.30 01:17:49.010,1.6151,1.6155,5.90,12.80
2008.04.30 01:17:51.182,1.6151,1.6155,5.90,14.20
2008.04.30 01:17:51.212,1.6151,1.61545,5.90,4.00
2008.04.30 01:17:51.243,1.6151,1.61545,5.60,4.00
2008.04.30 01:17:51.299,1.6151,1.6154,5.60,12.00
2008.04.30 01:17:52.343,1.6151,1.6155,5.60,14.20
2008.04.30 01:17:55.391,1.6151,1.6155,5.90,14.20
2008.04.30 01:18:46.765,1.6151,1.6155,5.60,14.20
2008.04.30 01:18:46.805,1.6151,1.61545,5.60,4.00
2008.04.30 01:18:47.123,1.6151,1.6154,5.60,12.00
2008.04.30 01:18:52.460,1.6151,1.6154,5.90,12.00
2008.04.30 01:18:52.692,1.6151,1.6155,5.90,14.20
2008.04.30 01:19:03.025,1.6151,1.6155,17.90,1.40
2008.04.30 01:19:03.144,1.6151,1.6156,17.90,15.00
2008.04.30 01:19:40.392,1.6151,1.6156,17.90,13.60
2008.04.30 01:20:35.573,1.6151,1.6156,17.90,15.00
2008.04.30 01:20:45.158,1.6151,1.6156,17.60,15.00
2008.04.30 01:20:45.335,1.6151,1.61555,17.60,4.00
2008.04.30 01:20:45.453,1.6151,1.6155,17.60,0.80
2008.04.30 01:20:45.573,1.6151,1.6155,17.60,12.80
2008.04.30 01:20:45.693,1.6151,1.6155,17.90,12.80
2008.04.30 01:20:46.234,1.6151,1.6155,17.90,12.00
2008.04.30 01:20:46.471,1.6151,1.6156,17.90,15.00
2008.04.30 01:21:24.399,1.6151,1.61555,17.90,4.00
2008.04.30 01:21:24.675,1.6151,1.6155,17.90,12.00
2008.04.30 01:21:50.499,1.6151,1.6155,17.90,12.80
2008.04.30 01:22:00.743,1.6151,1.6155,17.60,12.80
2008.04.30 01:22:09.695,1.6151,1.6155,17.90,12.80
2008.04.30 01:22:19.965,1.6151,1.6155,17.60,12.80
2008.04.30 01:22:20.502,1.6151,1.61545,17.60,4.00
2008.04.30 01:22:20.681,1.6151,1.61545,5.60,4.00
2008.04.30 01:22:21.259,1.6151,1.6155,5.60,14.20
2008.04.30 01:22:21.398,1.6151,1.6155,17.60,12.80
2008.04.30 01:22:33.226,1.6151,1.6155,17.90,12.80
2008.04.30 01:22:33.565,1.6151,1.6155,17.90,12.00
2008.04.30 01:22:51.651,1.6151,1.61545,17.90,4.00
2008.04.30 01:22:51.760,1.6151,1.61545,5.90,4.00
2008.04.30 01:22:55.741,1.6151,1.6155,5.90,1.40
2008.04.30 01:22:56.051,1.6151,1.6155,17.90,12.00
2008.04.30 01:23:02.293,1.6151,1.61545,5.90,4.00
2008.04.30 01:23:04.525,1.6151,1.6155,5.90,13.40
2008.04.30 01:23:04.599,1.6151,1.6155,17.90,12.00
2008.04.30 01:23:11.809,1.6151,1.6155,15.50,12.00
2008.04.30 01:23:11.926,1.6151,1.61545,15.50,4.00
2008.04.30 01:23:12.041,1.6151,1.6154,2.40,12.00
2008.04.30 01:23:12.155,1.6151,1.6154,2.40,13.40
2008.04.30 01:23:19.801,1.6151,1.6153,2.40,12.00
2008.04.30 01:23:26.844,1.6151,1.6154,2.40,4.00
2008.04.30 01:23:26.956,1.6151,1.61545,3.20,4.00
2008.04.30 01:23:26.993,1.6151,1.61545,3.50,4.00
2008.04.30 01:23:28.202,1.6151,1.61545,3.20,4.00
2008.04.30 01:23:29.306,1.6151,1.61545,3.50,4.00
2008.04.30 01:23:50.251,1.6151,1.6155,3.50,16.60
2008.04.30 01:23:50.340,1.6151,1.6155,15.50,15.20
2008.04.30 01:23:58.980,1.6151,1.6155,16.30,15.20
2008.04.30 01:24:09.403,1.6151,1.6155,15.50,15.20
2008.04.30 01:24:26.917,1.6151,1.6155,15.50,16.00
2008.04.30 01:24:29.348,1.6151,1.6155,3.50,17.40
2008.04.30 01:24:29.583,1.6151,1.6155,15.50,16.00
2008.04.30 01:24:30.443,1.6151,1.6155,15.50,15.20
2008.04.30 01:24:36.896,1.6151,1.6155,17.90,12.80
2008.04.30 01:24:36.969,1.61515,1.6155,4.00,12.80
2008.04.30 01:24:37.035,1.6152,1.6155,0.40,12.80
2008.04.30 01:24:37.064,1.6152,1.6155,0.40,12.00
2008.04.30 01:24:37.166,1.6153,1.6155,0.80,12.00
2008.04.30 01:24:37.374,1.6153,1.61555,0.80,4.00
2008.04.30 01:24:46.949,1.6153,1.61555,1.10,4.00
2008.04.30 01:24:46.989,1.6153,1.6156,1.10,18.40
2008.04.30 01:24:47.961,1.6153,1.6156,1.10,2.40
2008.04.30 01:24:48.343,1.6153,1.61565,3.50,6.40
2008.04.30 01:25:36.540,1.61495,1.61555,16.80,20.00
2008.04.30 01:25:52.816,1.61488,1.61548,16.80,12.00
2008.04.30 01:25:58.781,1.61479,1.61539,16.80,20.00
2008.04.30 01:25:58.809,1.61475,1.61535,16.80,20.00
2008.04.30 01:26:23.560,1.6153,1.61565,3.20,6.40
2008.04.30 01:26:31.313,1.6153,1.61565,3.50,6.40
2008.04.30 01:26:37.924,1.6153,1.61565,3.20,6.40
2008.04.30 01:26:46.554,1.6153,1.61565,3.50,6.40
2008.04.30 01:27:11.423,1.6153,1.61555,3.50,4.00
2008.04.30 01:27:11.443,1.6153,1.61555,3.20,4.00
2008.04.30 01:27:11.518,1.6153,1.61555,2.40,4.00
2008.04.30 01:27:11.723,1.6153,1.6155,3.20,12.00
2008.04.30 01:27:11.770,1.6153,1.6155,3.50,12.00
2008.04.30 01:27:11.931,1.6153,1.6155,3.50,1.40
2008.04.30 01:27:12.056,1.6153,1.61565,3.50,6.40
2008.04.30 01:27:24.965,1.6153,1.6156,3.50,2.40
2008.04.30 01:27:25.184,1.6153,1.6156,3.20,2.40
2008.04.30 01:27:25.247,1.6153,1.61555,3.20,4.00
2008.04.30 01:27:35.702,1.6153,1.61555,3.50,4.00
2008.04.30 01:27:35.955,1.6153,1.61565,3.50,6.40
2008.04.30 01:27:37.330,1.6153,1.6156,3.50,2.40
2008.04.30 01:27:37.427,1.6153,1.6156,2.40,2.40
2008.04.30 01:27:37.506,1.6153,1.61555,2.40,4.00
2008.04.30 01:27:37.543,1.6153,1.6155,2.40,12.00
2008.04.30 01:27:37.657,1.6153,1.6155,2.40,13.40
2008.04.30 01:28:01.445,1.6153,1.6155,3.20,13.40
2008.04.30 01:28:01.725,1.6153,1.6155,3.50,13.40
2008.04.30 01:28:01.779,1.6153,1.6156,3.50,4.00
2008.04.30 01:28:01.886,1.6153,1.61565,3.50,6.40
2008.04.30 01:28:21.732,1.6153,1.61565,3.20,6.40
2008.04.30 01:29:06.410,1.6153,1.61565,3.50,6.40
2008.04.30 01:29:12.458,1.6153,1.61565,3.20,6.40
2008.04.30 01:29:15.310,1.6153,1.61565,3.50,6.40
2008.04.30 01:29:15.926,1.6153,1.61565,3.20,6.40
2008.04.30 01:29:18.198,1.6153,1.61565,3.50,6.40
2008.04.30 01:29:49.551,1.6153,1.61565,3.20,6.40
2008.04.30 01:29:51.140,1.6153,1.61565,3.50,6.40
2008.04.30 01:29:57.785,1.6153,1.61565,3.20,6.40
2008.04.30 01:29:58.272,1.6153,1.61565,3.50,6.40
2008.04.30 01:30:20.271,1.6153,1.61565,3.20,6.40
2008.04.30 01:30:45.296,1.6153,1.61565,3.50,6.40
2008.04.30 01:30:46.846,1.6153,1.61565,3.20,6.40
2008.04.30 01:30:46.908,1.6153,1.61565,3.50,6.40
2008.04.30 01:30:47.262,1.6153,1.61565,3.20,6.40
2008.04.30 01:30:47.464,1.6153,1.61565,3.50,6.40
2008.04.30 01:30:47.654,1.6153,1.61565,3.20,6.40
2008.04.30 01:30:51.469,1.6153,1.61565,3.50,6.40
2008.04.30 01:31:22.032,1.6153,1.61565,3.20,6.40
2008.04.30 01:31:22.201,1.6153,1.61565,3.50,6.40
2008.04.30 01:32:54.707,1.6153,1.61565,3.20,6.40
2008.04.30 01:32:59.744,1.6153,1.61565,3.50,6.40
2008.04.30 01:33:02.797,1.6153,1.61565,3.10,6.40
2008.04.30 01:33:06.705,1.6153,1.61565,3.50,6.40
2008.04.30 01:34:04.494,1.6153,1.61565,5.90,6.40
2008.04.30 01:34:04.749,1.6153,1.6157,17.90,2.40
2008.04.30 01:34:04.910,1.6153,1.6158,17.90,13.60
2008.04.30 01:35:03.499,1.6153,1.6158,18.70,12.80
2008.04.30 01:36:10.718,1.6154,1.6158,0.40,12.80
2008.04.30 01:36:10.799,1.6154,1.6158,12.30,12.80
2008.04.30 01:36:20.647,1.6155,1.6158,0.40,12.80
2008.04.30 01:36:20.766,1.6155,1.6159,12.30,20.00
2008.04.30 01:36:23.899,1.6155,1.6159,12.00,20.00
2008.04.30 01:36:23.999,1.6155,1.6158,12.00,0.80
2008.04.30 01:36:24.053,1.6154,1.6158,16.30,12.80
2008.04.30 01:36:24.160,1.6154,1.6158,12.30,12.80
2008.04.30 01:36:39.449,1.61545,1.6158,4.00,12.80
2008.04.30 01:36:39.480,1.6155,1.6159,12.30,20.00
2008.04.30 01:36:45.747,1.6155,1.61585,12.30,4.00
2008.04.30 01:36:46.453,1.6155,1.6158,12.30,0.80
2008.04.30 01:36:46.498,1.6155,1.6158,12.00,0.80
2008.04.30 01:36:46.542,1.6154,1.6158,16.30,12.80
2008.04.30 01:36:46.615,1.6154,1.6158,12.30,12.80
2008.04.30 01:37:02.314,1.6154,1.6157,12.30,0.80
2008.04.30 01:37:02.409,1.6154,1.6157,12.00,0.80
2008.04.30 01:37:02.690,1.6153,1.6157,5.40,0.80
2008.04.30 01:37:02.957,1.6153,1.6157,4.00,0.80
2008.04.30 01:37:03.093,1.6153,1.6158,4.00,13.60
2008.04.30 01:37:03.228,1.6152,1.6158,12.30,13.60
2008.04.30 01:37:03.495,1.6152,1.6157,12.00,0.80
2008.04.30 01:37:03.776,1.6151,1.6157,12.10,0.80
2008.04.30 01:37:03.916,1.6151,1.6157,7.30,0.80
2008.04.30 01:37:04.056,1.6151,1.6157,5.90,0.80
2008.04.30 01:37:05.786,1.6153,1.6158,0.40,1.60
2008.04.30 01:37:05.848,1.6153,1.6158,12.30,13.60
2008.04.30 01:37:08.432,1.6154,1.6158,0.40,12.80
2008.04.30 01:37:08.488,1.6154,1.6158,12.30,12.80
2008.04.30 01:37:22.443,1.61545,1.6158,4.00,12.80
2008.04.30 01:37:22.473,1.6155,1.6158,0.40,12.80
2008.04.30 01:37:22.541,1.6155,1.61585,0.40,4.00
2008.04.30 01:37:22.569,1.6155,1.6159,0.40,20.80
2008.04.30 01:37:23.285,1.6155,1.6158,0.40,12.00
2008.04.30 01:37:23.578,1.6154,1.6158,12.30,12.80
2008.04.30 01:37:44.282,1.6154,1.6158,14.70,12.80
2008.04.30 01:37:44.608,1.6154,1.6158,17.10,12.80
2008.04.30 01:37:44.699,1.6154,1.6158,17.90,12.80
2008.04.30 01:38:04.815,1.61512,1.61542,2.40,4.00
2008.04.30 01:38:05.025,1.61527,1.61547,2.40,2.40
2008.04.30 01:38:05.116,1.61529,1.61559,6.70,4.00
2008.04.30 01:38:12.734,1.61533,1.61563,2.40,14.40
2008.04.30 01:38:12.758,1.61533,1.61563,6.70,4.00
2008.04.30 01:38:25.074,1.6153,1.6156,6.70,4.00
2008.04.30 01:38:37.378,1.61527,1.61557,2.40,12.00
2008.04.30 01:38:37.412,1.61523,1.61563,2.70,12.00
2008.04.30 01:38:37.481,1.61529,1.61569,6.70,4.00
2008.04.30 01:38:37.506,1.61534,1.61574,2.70,16.00
2008.04.30 01:39:48.211,1.6155,1.6158,0.40,12.80
2008.04.30 01:39:48.523,1.6155,1.6158,0.40,0.80
2008.04.30 01:40:03.949,1.61545,1.6158,4.00,0.80
2008.04.30 01:40:03.995,1.6154,1.6158,21.90,0.80
2008.04.30 01:40:04.040,1.6154,1.6158,21.90,12.80
2008.04.30 01:40:04.267,1.6154,1.6158,17.90,12.80
2008.04.30 01:40:05.196,1.6154,1.6158,17.90,13.60
2008.04.30 01:40:05.490,1.6154,1.61575,17.90,4.00
2008.04.30 01:40:05.621,1.6154,1.61575,5.90,4.00
2008.04.30 01:40:06.570,1.6154,1.61575,5.60,4.00
2008.04.30 01:40:07.841,1.6154,1.6158,17.90,13.60
2008.04.30 01:41:00.578,1.6154,1.6158,17.90,12.80
2008.04.30 01:41:28.967,1.6154,1.6158,17.90,13.60
2008.04.30 01:41:44.960,1.6154,1.61575,17.90,4.00
2008.04.30 01:41:45.075,1.6154,1.6157,5.90,12.00
2008.04.30 01:42:37.081,1.6154,1.61575,17.90,4.00
2008.04.30 01:42:37.380,1.6154,1.6158,17.90,13.60
2008.04.30 01:42:41.119,1.6154,1.61575,17.90,4.00
2008.04.30 01:42:41.190,1.6154,1.6157,5.90,12.00
2008.04.30 01:42:43.331,1.6154,1.6157,5.60,12.00
2008.04.30 01:42:43.542,1.6154,1.6157,5.90,12.00
2008.04.30 01:42:43.605,1.6154,1.6158,17.90,13.60
2008.04.30 01:43:15.731,1.6154,1.6158,17.90,14.40
2008.04.30 01:43:15.801,1.6154,1.6156,17.90,0.80
2008.04.30 01:43:15.886,1.6154,1.6156,17.60,1.60
2008.04.30 01:43:15.942,1.6154,1.6156,17.60,0.80
2008.04.30 01:43:16.112,1.6154,1.61565,5.60,4.00
2008.04.30 01:43:16.286,1.6154,1.61565,2.40,4.00
2008.04.30 01:43:16.625,1.6154,1.61565,0.80,4.00
2008.04.30 01:43:16.971,1.6154,1.61565,3.20,4.00
2008.04.30 01:43:17.156,1.6153,1.61565,7.20,4.00
2008.04.30 01:43:17.363,1.6153,1.61565,19.20,4.00
2008.04.30 01:43:17.548,1.6153,1.6157,15.20,15.20
2008.04.30 01:43:17.748,1.6154,1.6157,2.40,0.80
2008.04.30 01:43:17.933,1.6154,1.6157,2.40,2.20
2008.04.30 01:43:18.119,1.6151,1.6157,3.50,2.20
2008.04.30 01:43:20.204,1.6151,1.6157,3.50,0.80
2008.04.30 01:43:24.702,1.6153,1.6158,0.40,4.00
2008.04.30 01:43:24.961,1.6153,1.6158,12.30,16.00
2008.04.30 01:43:25.119,1.6153,1.6158,14.70,16.00
2008.04.30 01:43:25.199,1.6153,1.6158,15.50,16.00
2008.04.30 01:43:31.901,1.6153,1.6156,15.50,0.80
2008.04.30 01:43:33.365,1.6153,1.6158,15.50,16.00
2008.04.30 01:43:52.182,1.6153,1.6158,15.20,16.00
2008.04.30 01:43:52.995,1.6153,1.6158,15.50,16.00
2008.04.30 01:44:21.352,1.6153,1.6158,15.20,16.00
2008.04.30 01:44:25.776,1.6153,1.6158,15.20,17.40
2008.04.30 01:44:25.860,1.6153,1.6158,15.20,16.00
2008.04.30 01:44:25.929,1.6153,1.6158,15.50,16.00
2008.04.30 01:44:26.494,1.6153,1.6158,15.20,16.00
2008.04.30 01:44:30.640,1.6153,1.6158,15.50,16.00
2008.04.30 01:44:32.393,1.6153,1.6158,15.20,16.00
2008.04.30 01:44:32.717,1.6153,1.6158,15.20,17.40
2008.04.30 01:44:32.872,1.6153,1.6158,15.20,16.00
2008.04.30 01:44:33.028,1.6153,1.6158,15.50,16.00
2008.04.30 01:44:33.520,1.6153,1.6158,15.20,16.00
2008.04.30 01:44:33.677,1.6153,1.6158,15.20,17.40
2008.04.30 01:44:33.815,1.6153,1.6158,15.50,17.40
2008.04.30 01:44:33.949,1.6153,1.6158,15.50,16.00
2008.04.30 01:44:48.664,1.6153,1.6158,17.90,12.80
2008.04.30 01:44:48.790,1.6153,1.6158,5.90,0.80
2008.04.30 01:44:48.904,1.6153,1.6159,3.50,1.60
2008.04.30 01:44:49.264,1.6153,1.6158,0.40,0.80
2008.04.30 01:44:49.283,1.61525,1.6158,4.00,0.80
2008.04.30 01:44:49.380,1.6152,1.6158,0.40,0.80
2008.04.30 01:44:52.137,1.6152,1.6156,0.40,10.40
2008.04.30 01:44:52.278,1.6152,1.6155,0.40,0.80
2008.04.30 01:44:56.244,1.6152,1.6156,0.40,16.00
2008.04.30 01:44:56.281,1.6152,1.6156,0.40,15.20
2008.04.30 01:44:56.364,1.6152,1.6156,12.30,14.40
2008.04.30 01:44:56.522,1.6152,1.6156,0.40,2.40
2008.04.30 01:44:56.602,1.6152,1.6157,0.40,0.80
2008.04.30 01:44:57.188,1.6152,1.6158,1.10,2.40
2008.04.30 01:44:58.759,1.6152,1.6156,1.10,2.40
2008.04.30 01:44:58.960,1.6152,1.6156,1.10,3.20
2008.04.30 01:44:58.986,1.6152,1.6156,1.10,15.20
2008.04.30 01:44:59.211,1.6152,1.6156,0.40,18.40
2008.04.30 01:44:59.330,1.6152,1.61555,0.40,2.40
2008.04.30 01:44:59.356,1.6152,1.6155,0.40,0.80
2008.04.30 01:45:06.848,1.6151,1.6155,2.40,1.60
2008.04.30 01:45:07.216,1.6149,1.6155,5.60,1.60
2008.04.30 01:45:07.316,1.6149,1.6155,5.90,1.60
2008.04.30 01:45:07.434,1.6149,1.6155,3.50,1.60
2008.04.30 01:45:07.533,1.6149,1.6155,3.20,1.60
2008.04.30 01:45:07.632,1.6149,1.6154,2.40,0.80
2008.04.30 01:45:07.734,1.6148,1.6154,0.80,0.80
2008.04.30 01:45:09.415,1.6147,1.6153,8.90,0.80
2008.04.30 01:45:09.608,1.6149,1.6155,0.80,1.60
2008.04.30 01:45:09.840,1.6149,1.6155,0.80,3.00
2008.04.30 01:45:09.967,1.6147,1.6155,5.10,5.40
2008.04.30 01:45:10.039,1.6147,1.6153,4.30,0.80
2008.04.30 01:45:10.122,1.6147,1.6153,4.00,0.80
2008.04.30 01:45:10.192,1.6147,1.6153,1.60,0.80
2008.04.30 01:45:10.475,1.6147,1.6152,1.60,0.80
2008.04.30 01:45:10.874,1.6147,1.6153,2.40,1.40
2008.04.30 01:45:10.992,1.6147,1.6152,2.40,1.40
2008.04.30 01:45:12.519,1.6148,1.6152,0.80,1.40
2008.04.30 01:45:17.412,1.6149,1.6152,11.20,1.40
2008.04.30 01:45:17.598,1.6149,1.6154,24.00,12.00
2008.04.30 01:45:17.784,1.615,1.6154,2.40,12.00
2008.04.30 01:45:22.710,1.615,1.6154,2.70,12.00
2008.04.30 01:45:22.985,1.615,1.6154,2.70,12.80
2008.04.30 01:45:27.842,1.615,1.6154,3.50,12.80
2008.04.30 01:45:47.666,1.615,1.6154,3.20,12.80
2008.04.30 01:45:47.947,1.615,1.6154,3.20,14.20
2008.04.30 01:46:07.039,1.615,1.61535,3.20,4.00
2008.04.30 01:46:07.110,1.615,1.6153,3.20,12.00
2008.04.30 01:46:15.241,1.615,1.6153,3.20,12.80
2008.04.30 01:46:15.336,1.615,1.61525,3.20,4.00
2008.04.30 01:46:17.510,1.615,1.6152,2.40,0.80
2008.04.30 01:46:17.859,1.6147,1.6152,5.60,2.20
2008.04.30 01:46:17.939,1.6147,1.6152,1.60,2.20
2008.04.30 01:46:19.855,1.6151,1.6152,2.40,2.20
2008.04.30 01:46:20.014,1.6151,1.6152,2.40,1.40
2008.04.30 01:46:20.218,1.6151,1.61545,3.50,4.80
2008.04.30 01:46:20.416,1.6152,1.6155,2.40,0.80
2008.04.30 01:46:20.615,1.6152,1.61555,2.40,6.40
2008.04.30 01:46:21.309,1.6152,1.61555,2.40,4.00
2008.04.30 01:46:21.687,1.6152,1.61555,2.70,4.00
2008.04.30 01:46:21.793,1.6152,1.6156,2.70,14.20
2008.04.30 01:46:21.898,1.6152,1.6156,2.70,13.40
2008.04.30 01:46:22.105,1.6152,1.6157,14.70,15.00
2008.04.30 01:46:22.287,1.6152,1.6157,2.70,2.20
2008.04.30 01:46:22.466,1.6152,1.6157,2.70,0.80
2008.04.30 01:46:30.431,1.6152,1.6157,3.50,0.80
2008.04.30 01:46:30.973,1.6152,1.6157,3.20,0.80
2008.04.30 01:46:30.998,1.6152,1.61565,3.20,4.00
2008.04.30 01:46:31.023,1.6152,1.6156,3.20,0.80
2008.04.30 01:46:31.141,1.6152,1.6156,3.20,14.20
2008.04.30 01:46:32.712,1.6152,1.6156,15.50,12.80
2008.04.30 01:46:43.317,1.6152,1.61555,15.20,4.00
2008.04.30 01:46:43.351,1.6152,1.61555,3.20,4.00
2008.04.30 01:46:45.624,1.6152,1.6156,3.20,14.20
2008.04.30 01:46:45.869,1.6152,1.6156,15.20,12.80
2008.04.30 01:46:54.507,1.6152,1.6156,15.50,12.80
2008.04.30 01:47:04.750,1.6152,1.6156,15.20,12.80
2008.04.30 01:47:14.457,1.6152,1.6156,15.50,12.80
2008.04.30 01:47:14.978,1.6152,1.61555,15.50,4.00
2008.04.30 01:47:15.071,1.6152,1.61555,3.50,4.00
2008.04.30 01:47:19.931,1.6152,1.61555,3.20,4.00
2008.04.30 01:47:19.966,1.6152,1.6156,3.20,14.20
2008.04.30 01:47:20.024,1.6152,1.6156,3.20,13.40
2008.04.30 01:47:20.230,1.6152,1.6156,15.20,1.40
2008.04.30 01:47:20.334,1.6152,1.6157,15.20,14.20
2008.04.30 01:47:20.448,1.6152,1.6157,3.20,2.20
2008.04.30 01:47:20.555,1.6152,1.6157,3.50,0.80
2008.04.30 01:47:26.457,1.6152,1.6157,15.50,12.80
2008.04.30 01:47:26.961,1.6152,1.6157,15.50,14.20
2008.04.30 01:47:27.585,1.6152,1.6157,15.50,12.80
2008.04.30 01:47:30.202,1.6152,1.6156,15.50,0.80
2008.04.30 01:47:30.311,1.6152,1.6156,15.50,12.80
2008.04.30 01:47:34.718,1.6152,1.61555,15.50,4.00
2008.04.30 01:47:34.754,1.6152,1.61555,3.50,4.00
2008.04.30 01:47:36.718,1.6152,1.6155,3.50,12.80
2008.04.30 01:47:36.867,1.6152,1.6155,3.20,12.80
2008.04.30 01:47:37.019,1.6152,1.61545,3.20,4.00
2008.04.30 01:47:45.946,1.6152,1.6155,3.20,12.00
2008.04.30 01:47:46.046,1.6152,1.61555,3.20,4.00
2008.04.30 01:47:46.251,1.6152,1.6155,3.20,12.00
2008.04.30 01:47:46.302,1.6152,1.61545,3.20,4.00
2008.04.30 01:47:46.402,1.6152,1.6155,3.20,12.00
2008.04.30 01:47:46.618,1.6152,1.6155,3.20,12.80
2008.04.30 01:47:48.042,1.6152,1.6155,3.20,14.20
2008.04.30 01:47:48.410,1.6152,1.61545,3.20,4.00
2008.04.30 01:47:58.973,1.6152,1.6155,3.20,12.80
2008.04.30 01:47:59.109,1.6152,1.6155,3.20,12.00
2008.04.30 01:47:59.315,1.6152,1.61555,3.20,4.00
2008.04.30 01:47:59.689,1.6152,1.61545,3.20,4.00
2008.04.30 01:48:07.934,1.6152,1.61545,2.40,4.00
2008.04.30 01:48:08.247,1.6152,1.6154,2.40,12.00
2008.04.30 01:48:09.321,1.6152,1.6154,3.20,12.00
2008.04.30 01:48:09.433,1.6152,1.61545,3.20,4.00
2008.04.30 01:48:10.253,1.6152,1.61545,3.50,4.00
2008.04.30 01:48:10.333,1.6152,1.6155,3.50,12.00
2008.04.30 01:48:10.500,1.6152,1.61555,3.50,4.00
2008.04.30 01:48:21.035,1.6152,1.61555,3.20,4.00
2008.04.30 01:48:21.096,1.6152,1.6155,3.20,12.80
2008.04.30 01:48:22.482,1.6152,1.6155,3.50,12.80
2008.04.30 01:48:22.544,1.6152,1.61555,3.50,4.00
2008.04.30 01:48:27.224,1.6152,1.61555,3.20,4.00
2008.04.30 01:48:27.268,1.6152,1.6155,3.20,0.80
2008.04.30 01:48:27.376,1.6152,1.6155,3.20,12.80
2008.04.30 01:48:28.128,1.6152,1.61545,3.20,4.00
2008.04.30 01:48:28.345,1.6152,1.6155,3.50,12.00
2008.04.30 01:48:28.743,1.6152,1.61555,3.50,4.00
2008.04.30 01:48:33.701,1.6152,1.6155,3.50,0.80
2008.04.30 01:48:33.811,1.6152,1.6155,3.20,0.80
2008.04.30 01:48:34.042,1.6152,1.6155,3.20,12.80
2008.04.30 01:48:35.234,1.6152,1.6155,3.20,12.00
2008.04.30 01:48:35.309,1.6152,1.6155,3.50,12.00
2008.04.30 01:48:35.384,1.6152,1.61555,3.50,4.00
2008.04.30 01:48:39.000,1.6152,1.61555,3.20,4.00
2008.04.30 01:48:41.473,1.6152,1.61555,3.50,4.00
2008.04.30 01:48:46.690,1.6152,1.61555,3.20,4.00
2008.04.30 01:48:46.843,1.6152,1.61545,3.20,4.00
2008.04.30 01:48:53.749,1.6152,1.61545,3.50,4.00
2008.04.30 01:48:53.779,1.6152,1.6155,3.50,12.80
2008.04.30 01:48:54.733,1.6152,1.6155,3.50,12.00
2008.04.30 01:48:55.065,1.6152,1.61555,3.50,4.00
2008.04.30 01:49:16.046,1.6152,1.6156,3.50,17.40
2008.04.30 01:49:16.146,1.6152,1.6156,15.50,16.00
2008.04.30 01:49:22.256,1.6152,1.6156,15.50,15.20
2008.04.30 01:49:23.403,1.6152,1.6156,15.50,16.00
2008.04.30 01:49:24.766,1.61525,1.6156,4.00,15.20
2008.04.30 01:49:24.913,1.6153,1.6156,0.40,15.20
2008.04.30 01:49:25.064,1.6153,1.6156,0.40,3.20
2008.04.30 01:49:26.309,1.61525,1.6156,4.00,4.00
2008.04.30 01:49:26.379,1.61525,1.6156,4.00,16.00
2008.04.30 01:49:26.450,1.6152,1.6156,15.50,16.00
2008.04.30 01:49:26.952,1.6152,1.6156,15.50,15.20
2008.04.30 01:49:28.630,1.6152,1.6156,15.50,16.00
2008.04.30 01:49:36.111,1.6152,1.6156,15.20,16.00
2008.04.30 01:49:37.884,1.6152,1.6156,15.50,16.00
2008.04.30 01:49:50.711,1.6152,1.61555,15.50,4.00
2008.04.30 01:49:50.806,1.6152,1.61555,3.50,4.00
2008.04.30 01:49:51.646,1.6152,1.6156,3.50,17.40
2008.04.30 01:49:51.834,1.6152,1.6156,15.50,16.00
2008.04.30 01:50:47.417,1.6152,1.6156,15.50,17.40
2008.04.30 01:50:48.557,1.6152,1.6156,15.50,16.00
2008.04.30 01:51:45.306,1.61502,1.61542,4.30,4.00
2008.04.30 01:51:47.895,1.61488,1.61538,4.30,4.00
2008.04.30 01:51:49.865,1.61487,1.61527,4.30,4.00
2008.04.30 01:51:51.811,1.61478,1.61538,4.30,4.00
2008.04.30 01:51:53.944,1.61489,1.61529,4.30,4.00
2008.04.30 01:52:09.250,1.6152,1.6156,15.50,15.20
2008.04.30 01:52:09.481,1.6152,1.6156,15.50,3.20
2008.04.30 01:52:12.438,1.61535,1.61565,4.00,4.00
2008.04.30 01:52:12.522,1.6154,1.6157,0.40,18.40
2008.04.30 01:52:24.886,1.61535,1.6157,4.00,18.40
2008.04.30 01:52:24.967,1.61535,1.6157,4.00,20.80
2008.04.30 01:52:25.047,1.6153,1.61565,15.20,2.40
2008.04.30 01:52:25.126,1.6153,1.6156,15.20,0.80
2008.04.30 01:52:25.206,1.6153,1.6156,14.40,0.80
2008.04.30 01:52:25.286,1.6153,1.6156,2.40,0.80
2008.04.30 01:52:25.532,1.6152,1.6156,17.90,0.80
2008.04.30 01:52:26.305,1.6152,1.6157,17.90,17.60
2008.04.30 01:52:26.471,1.6152,1.6157,17.90,16.00
2008.04.30 01:52:26.601,1.6152,1.6157,17.90,13.60
2008.04.30 01:52:26.680,1.6152,1.6157,17.90,12.80
2008.04.30 01:52:27.516,1.6152,1.6157,17.90,13.60
2008.04.30 01:52:28.184,1.6152,1.6157,17.90,12.00
2008.04.30 01:52:28.250,1.6153,1.61575,12.00,4.00
2008.04.30 01:52:28.306,1.6153,1.6158,12.00,16.00
2008.04.30 01:52:28.362,1.6153,1.6158,12.00,13.60
2008.04.30 01:52:49.487,1.6153,1.6157,12.00,0.80
2008.04.30 01:52:49.589,1.6152,1.6157,5.90,0.80
2008.04.30 01:53:06.970,1.6152,1.6158,5.90,1.60
2008.04.30 01:53:08.422,1.6152,1.6157,5.90,0.80
2008.04.30 01:53:12.456,1.6152,1.6158,5.90,1.60
2008.04.30 01:53:12.551,1.6153,1.6158,12.00,13.60
2008.04.30 01:53:38.228,1.6153,1.6158,12.30,13.60
2008.04.30 01:53:50.567,1.6153,1.6158,12.00,13.60
2008.04.30 01:53:51.780,1.6153,1.6158,12.30,13.60
2008.04.30 01:53:53.567,1.6153,1.6158,12.00,13.60
2008.04.30 01:54:14.582,1.6153,1.6158,14.40,13.60
2008.04.30 01:54:14.675,1.6153,1.6158,15.20,13.60
2008.04.30 01:54:14.735,1.6153,1.6158,15.50,13.60
2008.04.30 01:54:14.890,1.6153,1.6158,17.90,13.60
2008.04.30 01:54:16.937,1.6153,1.6157,17.90,0.80
2008.04.30 01:54:16.997,1.6153,1.61565,17.90,4.00
2008.04.30 01:54:17.256,1.6153,1.61565,5.90,4.00
2008.04.30 01:54:17.467,1.6153,1.6157,5.90,16.00
2008.04.30 01:54:17.584,1.6153,1.6157,17.90,4.00
2008.04.30 01:54:17.672,1.6153,1.6158,17.90,13.60
2008.04.30 01:55:08.961,1.6154,1.6158,0.40,13.60
2008.04.30 01:55:09.038,1.6154,1.6158,0.40,12.80
2008.04.30 01:55:09.145,1.6154,1.6158,12.30,0.80
2008.04.30 01:55:39.406,1.6155,1.6158,0.40,0.80
2008.04.30 01:55:39.622,1.6155,1.6158,2.70,0.80
2008.04.30 01:55:41.259,1.6155,1.6158,14.70,0.80
2008.04.30 01:55:41.303,1.61555,1.6158,4.00,0.80
2008.04.30 01:55:41.368,1.6156,1.6158,0.40,0.80
2008.04.30 01:55:43.188,1.61555,1.6158,4.00,0.80
2008.04.30 01:55:43.263,1.6155,1.6158,2.70,0.80
2008.04.30 01:55:48.251,1.6155,1.6158,2.40,0.80
2008.04.30 01:55:48.300,1.6155,1.6158,2.40,1.60
2008.04.30 01:55:48.399,1.6155,1.6158,2.40,13.60
2008.04.30 01:55:52.242,1.6155,1.61575,2.40,4.00
2008.04.30 01:56:05.739,1.6155,1.6158,2.40,13.60
2008.04.30 01:56:05.847,1.6155,1.6158,2.40,0.80
2008.04.30 01:56:06.292,1.6155,1.6158,2.70,0.80
2008.04.30 01:56:07.386,1.6155,1.6158,2.40,0.80
2008.04.30 01:56:08.632,1.6155,1.6158,2.70,0.80
2008.04.30 01:57:18.626,1.6155,1.6158,2.40,0.80
2008.04.30 01:57:18.697,1.6155,1.61575,2.40,4.00
2008.04.30 01:57:25.480,1.6155,1.6158,2.40,14.20
2008.04.30 01:57:25.495,1.6155,1.6158,2.40,0.80
2008.04.30 01:57:25.525,1.6155,1.6158,2.70,0.80
2008.04.30 01:57:32.524,1.6155,1.6158,2.70,3.20
2008.04.30 01:57:32.752,1.6155,1.6157,2.70,0.80
2008.04.30 01:57:32.884,1.6155,1.6157,0.40,0.80
2008.04.30 01:57:32.943,1.6155,1.6157,0.40,1.60
2008.04.30 01:57:33.299,1.6155,1.6157,2.70,1.60
2008.04.30 01:57:34.692,1.6155,1.6157,2.70,0.80
2008.04.30 01:57:34.856,1.6155,1.6158,2.70,0.80
2008.04.30 01:58:06.900,1.6155,1.6158,2.70,1.60
2008.04.30 01:58:06.960,1.6155,1.6158,2.40,1.60
2008.04.30 01:58:07.022,1.6155,1.6158,2.40,13.60
2008.04.30 01:58:07.386,1.6154,1.6158,17.90,13.60
2008.04.30 01:58:30.898,1.61545,1.6158,4.00,13.60
2008.04.30 01:58:31.034,1.6155,1.6158,0.40,12.80
2008.04.30 01:58:31.549,1.6155,1.6158,0.40,13.60
2008.04.30 01:58:31.660,1.6154,1.6158,17.90,13.60
2008.04.30 01:59:36.962,1.6156,1.6158,0.40,13.60
2008.04.30 01:59:36.976,1.6156,1.6158,0.40,12.80
2008.04.30 01:59:37.278,1.6156,1.6158,0.40,0.80
2008.04.30 01:59:38.067,1.6156,1.6159,12.30,5.60
2008.04.30 01:59:44.653,1.6156,1.61585,12.30,2.40
2008.04.30 01:59:44.753,1.6156,1.6158,12.30,1.60
2008.04.30 01:59:44.812,1.6156,1.6158,12.00,1.60
2008.04.30 01:59:44.852,1.6154,1.6158,17.90,13.60
2008.04.30 01:59:56.728,1.6155,1.6158,0.40,13.60
2008.04.30 01:59:56.814,1.6155,1.6158,0.40,0.80
2008.04.30 01:59:56.864,1.6155,1.6158,2.70,0.80
