2016.11.22 23:00:00.251,1.07454,1.07473,1.45,1.87
2016.11.22 23:00:00.352,1.07455,1.07478,1.20,1.37
2016.11.22 23:00:00.403,1.07457,1.07478,1.50,1.37
2016.11.22 23:00:00.504,1.07457,1.07481,1.00,1.37
2016.11.22 23:00:00.555,1.07457,1.07484,1.00,1.87
2016.11.22 23:00:00.657,1.07459,1.07484,1.00,1.87
2016.11.22 23:00:00.758,1.07459,1.07482,1.00,1.87
2016.11.22 23:00:00.809,1.07459,1.07482,1.00,1.87
2016.11.22 23:00:00.961,1.07458,1.07482,1.50,1.00
2016.11.22 23:00:01.467,1.07458,1.07482,1.00,1.00
2016.11.22 23:00:01.609,1.07458,1.07482,1.00,1.00
2016.11.22 23:00:01.912,1.07458,1.07477,1.00,1.00
2016.11.22 23:00:02.231,1.07456,1.07482,1.00,1.50
2016.11.22 23:00:02.282,1.07456,1.07481,1.00,1.00
2016.11.22 23:00:02.485,1.07456,1.07485,1.00,1.37
2016.11.22 23:00:02.889,1.07458,1.07485,1.00,1.37
2016.11.22 23:00:03.091,1.07457,1.07487,1.00,1.37
2016.11.22 23:00:03.596,1.07455,1.07487,1.50,1.37
2016.11.22 23:00:05.510,1.07455,1.07482,1.50,1.00
2016.11.22 23:00:05.837,1.07455,1.07481,1.00,1.37
2016.11.22 23:00:06.576,1.07453,1.07479,1.00,1.00
2016.11.22 23:00:06.728,1.07453,1.07478,1.00,1.37
2016.11.22 23:00:07.247,1.07454,1.07481,1.00,1.37
2016.11.22 23:00:07.640,1.07456,1.07481,1.00,1.37
2016.11.22 23:00:08.005,1.07455,1.07481,1.00,1.12
2016.11.22 23:00:08.537,1.07456,1.07479,1.00,1.37
2016.11.22 23:00:08.639,1.07453,1.07479,1.50,1.87
2016.11.22 23:00:12.920,1.07452,1.07479,1.50,2.62
2016.11.22 23:00:13.711,1.07453,1.07479,1.00,1.87
2016.11.22 23:00:14.721,1.07452,1.07479,1.50,1.87
2016.11.22 23:00:14.789,1.07454,1.07479,1.00,1.87
2016.11.22 23:00:14.895,1.07451,1.07478,1.00,1.87
2016.11.22 23:00:15.442,1.0745,1.07478,1.50,1.87
2016.11.22 23:00:15.796,1.07446,1.07478,1.50,1.87
2016.11.22 23:00:16.322,1.07447,1.07478,1.00,1.87
2016.11.22 23:00:17.078,1.07448,1.07478,1.00,1.87
2016.11.22 23:00:19.612,1.07449,1.07478,1.00,1.87
2016.11.22 23:00:23.576,1.0745,1.07478,1.00,1.87
2016.11.22 23:00:24.842,1.07449,1.07478,1.00,1.87
2016.11.22 23:00:25.347,1.07447,1.07478,1.00,1.87
2016.11.22 23:00:25.881,1.07448,1.07478,1.00,1.87
2016.11.22 23:00:26.480,1.0745,1.07478,1.00,1.87
2016.11.22 23:00:27.077,1.07449,1.07478,1.00,1.87
2016.11.22 23:00:27.625,1.07448,1.07478,1.50,1.87
2016.11.22 23:00:28.811,1.07447,1.07478,1.50,1.87
2016.11.22 23:00:30.073,1.07448,1.07478,1.00,2.62
2016.11.22 23:00:30.376,1.07445,1.07468,1.87,1.00
2016.11.22 23:00:30.478,1.07445,1.07472,1.87,1.00
2016.11.22 23:00:30.529,1.07446,1.07476,1.87,1.00
2016.11.22 23:00:30.630,1.0745,1.07478,1.00,1.87
2016.11.22 23:00:30.933,1.07452,1.07478,1.00,1.87
2016.11.22 23:00:31.236,1.07454,1.07478,1.00,1.37
2016.11.22 23:00:31.375,1.0745,1.07478,1.50,1.37
2016.11.22 23:00:31.908,1.07451,1.07478,1.00,1.37
2016.11.22 23:00:33.136,1.07452,1.07478,1.00,1.37
2016.11.22 23:00:33.187,1.0745,1.07478,1.00,1.37
2016.11.22 23:00:33.580,1.07452,1.07478,1.00,1.37
2016.11.22 23:00:34.238,1.07451,1.07478,1.00,1.37
2016.11.22 23:00:36.170,1.07452,1.07478,1.00,1.37
2016.11.22 23:00:36.836,1.07452,1.07479,1.00,1.37
2016.11.22 23:00:37.308,1.0745,1.07479,1.00,1.37
2016.11.22 23:00:37.817,1.07449,1.07479,1.87,1.37
2016.11.22 23:00:38.074,1.07451,1.07479,1.00,1.37
2016.11.22 23:00:42.079,1.07452,1.07479,1.00,1.37
2016.11.22 23:00:42.768,1.07451,1.07479,1.00,1.37
2016.11.22 23:00:43.435,1.0745,1.07478,1.00,1.12
2016.11.22 23:00:43.770,1.0745,1.07477,1.00,1.37
2016.11.22 23:00:50.239,1.07451,1.07477,1.00,1.37
2016.11.22 23:00:50.746,1.0745,1.07477,2.25,1.37
2016.11.22 23:00:59.656,1.07452,1.07477,1.00,1.37
2016.11.22 23:00:59.808,1.07452,1.07479,1.00,1.37
2016.11.22 23:01:00.347,1.07453,1.07479,1.00,1.37
2016.11.22 23:01:01.236,1.07454,1.07479,1.00,1.37
2016.11.22 23:01:01.765,1.07455,1.07481,1.00,1.37
2016.11.22 23:01:03.464,1.07453,1.07481,2.06,1.37
2016.11.22 23:01:03.616,1.07453,1.0748,1.31,1.75
2016.11.22 23:01:04.171,1.07454,1.07479,1.00,1.37
2016.11.22 23:01:05.407,1.07453,1.07479,1.31,1.37
2016.11.22 23:01:09.904,1.07454,1.07479,1.00,1.37
2016.11.22 23:01:10.245,1.07454,1.07479,1.29,1.37
2016.11.22 23:01:10.296,1.07454,1.07479,1.00,1.37
2016.11.22 23:01:11.483,1.07456,1.07479,1.00,1.37
2016.11.22 23:01:11.813,1.07457,1.07481,1.31,1.37
2016.11.22 23:01:12.410,1.07458,1.07481,1.00,1.37
2016.11.22 23:01:15.786,1.07459,1.07481,1.00,1.37
2016.11.22 23:01:17.551,1.07458,1.07481,1.31,1.37
2016.11.22 23:01:18.007,1.07455,1.0748,1.00,1.12
2016.11.22 23:01:18.058,1.07454,1.07479,1.31,1.37
2016.11.22 23:01:18.670,1.07455,1.07479,1.00,1.37
2016.11.22 23:01:25.320,1.07454,1.07479,1.31,1.37
2016.11.22 23:01:28.267,1.07455,1.07479,1.00,1.37
2016.11.22 23:01:28.556,1.07452,1.07479,1.31,1.87
2016.11.22 23:01:29.061,1.0745,1.07479,2.06,1.87
2016.11.22 23:01:31.347,1.0745,1.07478,1.00,2.62
2016.11.22 23:01:44.157,1.07457,1.07478,1.00,1.87
2016.11.22 23:01:44.470,1.07462,1.07478,1.87,1.87
2016.11.22 23:01:57.488,1.07461,1.07478,1.00,1.87
2016.11.22 23:02:03.845,1.07462,1.07478,1.00,1.87
2016.11.22 23:02:04.199,1.0746,1.07478,1.00,1.87
2016.11.22 23:02:07.032,1.07459,1.07478,1.12,1.87
2016.11.22 23:02:07.285,1.07461,1.07478,1.00,1.87
2016.11.22 23:02:07.811,1.07464,1.07478,1.00,1.87
2016.11.22 23:02:07.893,1.0746,1.07478,1.50,1.87
2016.11.22 23:02:08.095,1.07463,1.07478,1.00,1.87
2016.11.22 23:02:09.852,1.07462,1.07478,1.50,1.87
2016.11.22 23:02:10.612,1.07463,1.07478,1.00,1.87
2016.11.22 23:02:11.139,1.07462,1.07478,1.50,1.87
2016.11.22 23:02:15.354,1.07466,1.07478,1.00,1.37
2016.11.22 23:02:15.455,1.07464,1.0748,1.00,1.37
2016.11.22 23:02:15.607,1.07465,1.07483,1.00,1.37
2016.11.22 23:02:15.658,1.07467,1.07483,1.00,1.37
2016.11.22 23:02:16.062,1.07464,1.07484,1.00,1.37
2016.11.22 23:02:16.265,1.07467,1.07482,1.00,1.00
2016.11.22 23:02:16.519,1.07465,1.07483,1.00,1.37
2016.11.22 23:02:16.570,1.07465,1.07481,1.00,1.37
2016.11.22 23:02:16.671,1.07466,1.07484,1.00,1.87
2016.11.22 23:02:16.722,1.07463,1.07484,1.31,1.87
2016.11.22 23:02:17.286,1.07461,1.07484,2.06,1.87
2016.11.22 23:02:17.388,1.07464,1.07484,1.00,1.87
2016.11.22 23:02:17.592,1.07461,1.07484,2.06,1.87
2016.11.22 23:02:18.133,1.07463,1.07484,1.00,1.87
2016.11.22 23:02:18.639,1.07461,1.07484,2.06,1.87
2016.11.22 23:02:18.690,1.07461,1.07484,2.06,1.87
2016.11.22 23:02:18.880,1.07463,1.07481,1.00,1.37
2016.11.22 23:02:19.133,1.07462,1.07484,1.31,1.87
2016.11.22 23:02:19.639,1.07463,1.07484,1.00,1.87
2016.11.22 23:02:19.911,1.07465,1.07484,1.00,1.87
2016.11.22 23:02:20.367,1.07462,1.07484,1.31,1.87
2016.11.22 23:02:20.891,1.07461,1.07484,1.00,1.87
2016.11.22 23:02:22.507,1.07462,1.07484,1.00,1.87
2016.11.22 23:02:23.037,1.07461,1.07484,1.00,1.87
2016.11.22 23:02:23.542,1.07462,1.07484,1.00,1.87
2016.11.22 23:02:24.047,1.07461,1.07484,1.00,1.87
2016.11.22 23:02:24.581,1.07462,1.07484,1.00,1.87
2016.11.22 23:02:25.179,1.07461,1.07484,1.00,1.87
2016.11.22 23:02:26.645,1.0746,1.07484,1.00,1.87
2016.11.22 23:02:26.797,1.0746,1.07481,1.00,1.37
2016.11.22 23:02:27.766,1.07462,1.07481,1.00,1.37
2016.11.22 23:02:27.919,1.07461,1.07484,1.00,1.87
2016.11.22 23:02:31.398,1.07461,1.07484,1.00,1.87
2016.11.22 23:02:34.190,1.07461,1.07478,1.00,1.00
2016.11.22 23:02:36.602,1.07461,1.07481,1.00,1.87
2016.11.22 23:02:49.673,1.07467,1.07481,1.00,1.87
2016.11.22 23:02:49.774,1.07468,1.07484,1.00,1.87
2016.11.22 23:02:50.282,1.07467,1.07484,1.37,1.87
2016.11.22 23:02:54.049,1.0746,1.07481,1.37,1.50
2016.11.22 23:02:54.136,1.07457,1.07478,1.37,1.00
2016.11.22 23:02:54.657,1.07457,1.07478,1.37,1.87
2016.11.22 23:02:55.548,1.07456,1.07478,1.37,1.87
2016.11.22 23:02:56.362,1.07456,1.07479,1.37,1.37
2016.11.22 23:02:56.897,1.07456,1.0748,1.37,1.37
2016.11.22 23:02:57.373,1.07456,1.07478,1.37,1.87
2016.11.22 23:02:59.172,1.07455,1.07478,1.37,1.37
2016.11.22 23:03:00.445,1.07455,1.07481,1.37,1.87
2016.11.22 23:03:01.473,1.07455,1.07479,1.12,1.00
2016.11.22 23:03:01.556,1.07455,1.07478,1.12,1.37
2016.11.22 23:03:02.107,1.07456,1.0748,1.12,1.37
2016.11.22 23:03:13.534,1.07461,1.0748,1.00,1.37
2016.11.22 23:03:13.865,1.07461,1.0748,1.56,1.37
2016.11.22 23:03:18.372,1.07461,1.07482,2.06,1.12
2016.11.22 23:03:18.423,1.07461,1.07483,2.06,1.37
2016.11.22 23:03:27.734,1.0746,1.07483,2.06,1.37
2016.11.22 23:03:34.648,1.07461,1.07483,1.56,1.37
2016.11.22 23:03:37.082,1.0746,1.07483,1.56,1.37
2016.11.22 23:03:49.068,1.07459,1.07483,1.56,1.37
2016.11.22 23:03:55.669,1.0746,1.07483,1.56,1.37
2016.11.22 23:04:00.200,1.07461,1.07483,1.56,1.37
2016.11.22 23:04:06.369,1.07459,1.07483,1.56,1.37
2016.11.22 23:04:07.895,1.0746,1.07483,1.56,1.37
2016.11.22 23:04:09.676,1.07459,1.07483,1.56,1.37
2016.11.22 23:04:11.594,1.07459,1.07483,1.56,1.37
2016.11.22 23:04:14.641,1.07458,1.07482,1.56,1.87
2016.11.22 23:04:15.154,1.07458,1.0748,1.56,1.37
2016.11.22 23:04:24.724,1.07457,1.0748,1.56,1.37
2016.11.22 23:04:24.926,1.07454,1.0748,1.56,1.37
2016.11.22 23:04:25.428,1.07457,1.0748,1.00,1.37
2016.11.22 23:04:25.479,1.07457,1.0748,1.56,1.37
2016.11.22 23:04:29.694,1.07456,1.07479,1.56,1.12
2016.11.22 23:04:31.396,1.07457,1.07479,1.56,1.12
2016.11.22 23:04:33.820,1.07458,1.07479,1.56,1.12
2016.11.22 23:04:35.398,1.07458,1.07482,1.56,1.12
2016.11.22 23:04:35.600,1.0746,1.07483,1.56,1.37
2016.11.22 23:04:36.721,1.07461,1.07483,1.56,1.37
2016.11.22 23:04:39.013,1.07462,1.07483,1.56,1.37
2016.11.22 23:04:39.589,1.07462,1.07484,1.56,1.00
2016.11.22 23:04:39.994,1.07463,1.07484,1.56,1.75
2016.11.22 23:04:40.146,1.07461,1.07484,1.56,1.00
2016.11.22 23:04:40.248,1.07461,1.07483,1.56,1.37
2016.11.22 23:04:40.787,1.07461,1.07482,1.56,1.37
2016.11.22 23:04:41.206,1.07463,1.07482,1.56,1.37
2016.11.22 23:04:41.646,1.07461,1.07482,1.56,1.37
2016.11.22 23:04:42.443,1.07463,1.07482,1.56,1.37
2016.11.22 23:04:42.831,1.07461,1.07482,1.56,1.37
2016.11.22 23:04:43.639,1.07463,1.07482,1.56,1.37
2016.11.22 23:04:43.942,1.07461,1.07482,1.56,1.37
2016.11.22 23:04:44.727,1.07463,1.07482,1.56,1.37
2016.11.22 23:04:45.286,1.07462,1.07484,1.56,1.37
2016.11.22 23:04:45.806,1.07462,1.07484,2.06,1.37
2016.11.22 23:04:47.036,1.07462,1.07484,1.56,1.37
2016.11.22 23:04:47.151,1.07464,1.07487,1.56,1.87
2016.11.22 23:04:53.737,1.07466,1.07487,1.56,1.37
2016.11.22 23:04:54.150,1.07464,1.07487,1.56,1.37
2016.11.22 23:04:55.211,1.07465,1.07487,1.56,1.37
2016.11.22 23:04:58.758,1.07466,1.07487,1.56,1.37
2016.11.22 23:04:59.144,1.07464,1.07487,1.56,1.37
2016.11.22 23:04:59.862,1.07464,1.07485,2.06,1.00
2016.11.22 23:05:00.397,1.07465,1.07487,1.56,1.37
2016.11.22 23:05:01.148,1.07463,1.07487,1.56,1.37
2016.11.22 23:05:02.241,1.07465,1.07487,1.56,1.37
2016.11.22 23:05:03.357,1.07464,1.07487,1.56,1.37
2016.11.22 23:05:09.334,1.07465,1.07487,1.56,1.37
2016.11.22 23:05:13.257,1.07464,1.07487,1.56,1.37
2016.11.22 23:05:13.765,1.07464,1.07486,1.56,1.37
2016.11.22 23:05:16.573,1.07458,1.07486,3.56,1.87
2016.11.22 23:05:16.675,1.07463,1.07486,1.00,1.37
2016.11.22 23:05:16.777,1.07466,1.07487,1.00,1.37
2016.11.22 23:05:16.980,1.07468,1.07492,1.50,1.37
2016.11.22 23:05:17.839,1.07469,1.07491,1.00,1.12
2016.11.22 23:05:17.940,1.07471,1.07491,1.00,1.12
2016.11.22 23:05:18.196,1.07468,1.07492,1.00,1.87
2016.11.22 23:05:19.054,1.07471,1.07492,1.00,1.87
2016.11.22 23:05:19.344,1.07468,1.07492,1.31,1.87
2016.11.22 23:05:19.688,1.0747,1.07492,1.00,1.12
2016.11.22 23:05:20.096,1.07468,1.07492,1.00,1.12
2016.11.22 23:05:20.602,1.0747,1.07493,1.00,1.87
2016.11.22 23:05:21.006,1.07468,1.07493,1.50,1.87
2016.11.22 23:05:21.522,1.0747,1.07493,1.00,1.87
2016.11.22 23:05:22.097,1.07468,1.07492,1.50,1.12
2016.11.22 23:05:22.789,1.07469,1.07492,1.00,1.12
2016.11.22 23:05:23.360,1.07468,1.07492,1.50,1.12
2016.11.22 23:05:23.461,1.0747,1.07492,1.00,1.12
2016.11.22 23:05:23.765,1.07473,1.07493,1.50,1.00
2016.11.22 23:05:24.113,1.07474,1.07491,1.12,1.00
2016.11.22 23:05:24.265,1.0747,1.07489,1.87,1.00
2016.11.22 23:05:24.357,1.07469,1.07488,1.12,1.00
2016.11.22 23:05:24.887,1.07468,1.07488,1.12,1.12
2016.11.22 23:05:25.392,1.07467,1.07485,1.37,1.00
2016.11.22 23:05:25.544,1.07464,1.07484,1.87,1.00
2016.11.22 23:05:26.092,1.07464,1.07483,1.87,1.00
2016.11.22 23:05:33.273,1.07465,1.07486,1.12,1.87
2016.11.22 23:05:33.469,1.07467,1.07487,1.87,1.00
2016.11.22 23:05:33.924,1.07469,1.0749,1.12,1.87
2016.11.22 23:05:34.482,1.0747,1.0749,1.00,1.87
2016.11.22 23:05:36.855,1.07468,1.07489,1.00,1.50
2016.11.22 23:05:36.906,1.07467,1.07486,1.87,1.00
2016.11.22 23:05:36.957,1.07468,1.07488,1.12,1.12
2016.11.22 23:05:37.008,1.0747,1.07488,1.00,1.37
2016.11.22 23:05:37.110,1.0747,1.07491,1.12,1.37
2016.11.22 23:05:37.646,1.07471,1.07491,1.00,1.87
2016.11.22 23:05:39.701,1.07469,1.07491,2.62,1.87
2016.11.22 23:05:40.105,1.07469,1.07488,1.37,1.00
2016.11.22 23:05:40.642,1.07468,1.07488,2.62,1.00
2016.11.22 23:05:43.156,1.07466,1.07486,1.37,1.00
2016.11.22 23:05:43.674,1.07465,1.07485,1.37,1.00
2016.11.22 23:05:47.058,1.07467,1.07487,1.00,2.62
2016.11.22 23:05:47.788,1.07467,1.07487,1.12,1.12
2016.11.22 23:05:49.957,1.07468,1.07488,1.00,1.87
2016.11.22 23:05:50.159,1.07469,1.0749,1.87,1.87
2016.11.22 23:05:50.311,1.0747,1.0749,1.37,1.00
2016.11.22 23:05:50.765,1.07472,1.07491,1.37,1.00
2016.11.22 23:05:51.302,1.07472,1.07492,1.37,1.00
2016.11.22 23:05:52.487,1.07472,1.07491,1.37,1.00
2016.11.22 23:05:55.192,1.07472,1.07492,1.37,1.00
2016.11.22 23:05:55.752,1.07472,1.07493,1.37,1.12
2016.11.22 23:05:56.357,1.07472,1.07492,1.37,1.00
2016.11.22 23:05:56.985,1.07472,1.07493,1.37,1.12
2016.11.22 23:05:57.486,1.07472,1.07492,1.37,1.00
2016.11.22 23:05:58.034,1.07472,1.07493,1.37,1.12
2016.11.22 23:06:08.132,1.07469,1.07493,2.62,1.12
2016.11.22 23:06:08.234,1.07471,1.07493,1.87,1.12
2016.11.22 23:06:08.487,1.07469,1.07493,1.87,1.12
2016.11.22 23:06:11.932,1.07471,1.07493,1.00,1.12
2016.11.22 23:06:12.457,1.07471,1.07494,2.62,2.62
2016.11.22 23:07:25.638,1.07471,1.07492,2.62,1.00
2016.11.22 23:07:26.396,1.07471,1.07493,2.62,1.12
2016.11.22 23:07:30.030,1.07471,1.07492,2.62,1.00
2016.11.22 23:07:30.535,1.07471,1.07493,2.62,1.12
2016.11.22 23:07:31.040,1.07471,1.07492,1.37,1.00
2016.11.22 23:07:31.703,1.07471,1.07493,1.37,2.62
2016.11.22 23:07:32.208,1.07471,1.07492,1.37,1.00
2016.11.22 23:07:33.065,1.07471,1.07491,1.37,1.00
2016.11.22 23:07:33.822,1.07471,1.07492,1.37,1.00
2016.11.22 23:07:33.923,1.07471,1.0749,1.37,1.00
2016.11.22 23:07:34.428,1.07471,1.07491,1.37,1.00
2016.11.22 23:07:35.085,1.07471,1.07492,1.37,1.00
2016.11.22 23:07:35.590,1.07471,1.07491,1.37,1.00
2016.11.22 23:07:36.168,1.07471,1.07492,1.37,1.00
2016.11.22 23:07:36.975,1.07471,1.07491,1.37,1.00
2016.11.22 23:07:37.542,1.07471,1.07492,1.37,1.00
2016.11.22 23:07:38.063,1.07471,1.07491,1.37,1.00
2016.11.22 23:07:38.669,1.07471,1.07492,1.37,1.00
2016.11.22 23:07:39.174,1.07471,1.07491,1.37,1.00
2016.11.22 23:07:39.779,1.07471,1.07492,1.37,1.00
2016.11.22 23:07:40.284,1.07471,1.07491,1.37,1.00
2016.11.22 23:07:40.790,1.07471,1.07492,1.37,1.00
2016.11.22 23:07:41.295,1.07471,1.07491,1.37,1.00
2016.11.22 23:07:41.799,1.07471,1.07492,1.37,1.00
2016.11.22 23:07:42.304,1.07471,1.07491,1.37,1.00
2016.11.22 23:07:43.010,1.07471,1.07492,1.37,1.00
2016.11.22 23:07:43.534,1.07471,1.07491,1.37,1.00
2016.11.22 23:07:43.938,1.07471,1.07493,1.37,1.87
2016.11.22 23:07:44.040,1.07471,1.07491,1.37,1.00
2016.11.22 23:07:44.646,1.07471,1.07492,1.37,1.00
2016.11.22 23:07:45.151,1.07471,1.07491,1.37,1.00
2016.11.22 23:07:45.756,1.07471,1.07492,1.37,1.00
2016.11.22 23:07:46.261,1.07471,1.07493,1.37,2.62
2016.11.22 23:07:46.600,1.07471,1.07491,1.37,1.00
2016.11.22 23:07:47.165,1.07471,1.07492,1.37,1.00
2016.11.22 23:07:47.821,1.07471,1.07493,1.37,1.87
2016.11.22 23:07:48.124,1.07471,1.07491,1.37,1.00
2016.11.22 23:07:48.629,1.07471,1.07492,1.37,1.00
2016.11.22 23:07:49.134,1.07471,1.07493,1.37,2.62
2016.11.22 23:07:49.437,1.07471,1.07491,1.37,1.00
2016.11.22 23:07:50.189,1.07471,1.07492,1.37,1.00
2016.11.22 23:07:50.745,1.07471,1.07491,1.37,1.00
2016.11.22 23:07:51.250,1.07471,1.07492,1.37,1.00
2016.11.22 23:07:51.806,1.07471,1.07491,1.37,1.00
2016.11.22 23:07:52.657,1.07471,1.07492,1.37,1.00
2016.11.22 23:07:53.162,1.07471,1.07491,1.37,1.00
2016.11.22 23:07:53.723,1.07471,1.07492,1.37,1.00
2016.11.22 23:07:54.227,1.07471,1.07493,1.37,1.87
2016.11.22 23:07:54.732,1.07471,1.07492,1.37,1.00
2016.11.22 23:07:55.266,1.07471,1.07493,1.37,1.87
2016.11.22 23:07:55.569,1.07471,1.07491,1.37,1.00
2016.11.22 23:07:56.175,1.07471,1.07492,1.37,1.00
2016.11.22 23:07:56.680,1.07471,1.07493,1.37,2.62
2016.11.22 23:07:57.185,1.07471,1.07492,1.37,1.00
2016.11.22 23:07:58.000,1.07471,1.07493,1.37,1.87
2016.11.22 23:07:58.505,1.07471,1.07492,1.37,1.00
2016.11.22 23:07:59.010,1.07471,1.07493,1.37,1.87
2016.11.22 23:07:59.314,1.07471,1.07491,1.37,1.00
2016.11.22 23:07:59.769,1.07471,1.07493,1.37,1.87
2016.11.22 23:07:59.921,1.07471,1.07491,1.37,1.00
2016.11.22 23:08:00.715,1.07471,1.07492,1.37,1.00
2016.11.22 23:08:01.220,1.07471,1.07493,1.37,1.87
2016.11.22 23:08:01.725,1.07471,1.07492,1.87,1.00
2016.11.22 23:08:02.885,1.07471,1.07493,1.37,2.62
2016.11.22 23:08:03.402,1.07471,1.07492,1.37,1.00
2016.11.22 23:08:04.259,1.07471,1.07493,1.87,2.62
2016.11.22 23:08:04.764,1.07471,1.07492,1.37,1.00
2016.11.22 23:08:05.370,1.07471,1.07493,1.37,2.62
2016.11.22 23:08:06.181,1.07471,1.07492,1.37,1.00
2016.11.22 23:08:06.736,1.07471,1.07491,1.37,1.00
2016.11.22 23:08:07.241,1.07471,1.07492,1.37,1.00
2016.11.22 23:08:07.790,1.07471,1.07491,1.37,1.00
2016.11.22 23:08:08.296,1.07471,1.07492,1.37,1.00
2016.11.22 23:08:08.834,1.07471,1.07491,1.37,1.00
2016.11.22 23:08:09.036,1.07471,1.07493,1.37,1.87
2016.11.22 23:08:09.541,1.07471,1.07492,1.37,1.00
2016.11.22 23:08:10.046,1.07471,1.07491,1.00,1.12
2016.11.22 23:08:15.681,1.07476,1.07492,1.50,1.37
2016.11.22 23:08:15.796,1.07479,1.07499,1.87,1.87
2016.11.22 23:08:15.898,1.07479,1.07497,1.50,2.25
2016.11.22 23:08:16.000,1.07479,1.07499,1.00,1.80
2016.11.22 23:08:16.052,1.07479,1.07496,1.12,1.50
2016.11.22 23:08:16.355,1.07475,1.07492,1.37,1.50
2016.11.22 23:08:16.810,1.07475,1.07495,1.37,1.50
2016.11.22 23:08:17.862,1.07475,1.07493,1.87,2.25
2016.11.22 23:08:18.115,1.07475,1.07495,1.87,1.50
2016.11.22 23:08:18.873,1.07475,1.07496,1.69,2.62
2016.11.22 23:08:19.377,1.07475,1.07495,2.44,1.00
2016.11.22 23:08:19.895,1.07477,1.07495,1.00,1.00
2016.11.22 23:08:20.439,1.07476,1.07495,1.12,1.00
2016.11.22 23:08:22.577,1.07477,1.07495,1.00,1.00
2016.11.22 23:08:23.113,1.07476,1.07494,1.12,1.00
2016.11.22 23:08:25.025,1.07477,1.07494,1.00,1.00
2016.11.22 23:08:25.871,1.07478,1.07495,1.00,1.00
2016.11.22 23:08:26.411,1.07477,1.07496,1.00,1.12
2016.11.22 23:08:26.947,1.07478,1.07496,1.00,1.12
2016.11.22 23:08:29.612,1.07479,1.07496,1.00,1.12
2016.11.22 23:08:29.662,1.07482,1.07497,1.00,1.37
2016.11.22 23:08:29.714,1.07479,1.07497,1.00,1.37
2016.11.22 23:08:29.765,1.07478,1.07499,1.12,1.87
2016.11.22 23:08:29.867,1.07481,1.07499,1.00,1.50
2016.11.22 23:08:30.313,1.07481,1.07496,1.00,1.87
2016.11.22 23:08:30.377,1.07476,1.07496,1.69,1.87
2016.11.22 23:08:30.882,1.07479,1.07496,1.00,1.12
2016.11.22 23:08:31.407,1.0748,1.07496,1.00,1.12
2016.11.22 23:08:32.050,1.07478,1.07496,1.00,1.12
2016.11.22 23:08:32.555,1.07477,1.07496,1.00,1.12
2016.11.22 23:08:33.060,1.07477,1.07496,1.00,3.37
2016.11.22 23:08:33.313,1.07475,1.07496,1.12,3.37
2016.11.22 23:08:33.903,1.07476,1.07494,1.00,1.00
2016.11.22 23:08:34.449,1.07474,1.07493,1.87,2.25
2016.11.22 23:08:35.539,1.07474,1.07493,1.12,3.00
2016.11.22 23:08:36.048,1.07475,1.07493,1.00,3.00
2016.11.22 23:08:36.437,1.07477,1.07493,1.00,1.00
2016.11.22 23:08:36.533,1.07474,1.07494,1.12,1.12
2016.11.22 23:08:37.058,1.07475,1.07493,1.00,1.00
2016.11.22 23:08:37.564,1.07476,1.07494,1.00,1.12
2016.11.22 23:08:38.321,1.07477,1.07495,1.00,2.62
2016.11.22 23:08:38.830,1.07476,1.07495,1.00,2.62
2016.11.22 23:08:39.697,1.07473,1.07492,1.87,1.00
2016.11.22 23:08:40.230,1.07474,1.07493,1.12,1.00
2016.11.22 23:08:40.734,1.07473,1.07492,1.87,1.00
2016.11.22 23:08:41.241,1.07473,1.07493,1.87,1.00
2016.11.22 23:08:41.768,1.07473,1.07492,1.37,3.00
2016.11.22 23:08:41.870,1.07471,1.07492,1.87,3.37
2016.11.22 23:08:42.488,1.07472,1.07492,1.00,3.75
2016.11.22 23:08:43.018,1.07471,1.07492,1.12,4.12
2016.11.22 23:08:43.487,1.07473,1.07492,1.00,1.87
2016.11.22 23:08:43.639,1.07474,1.07494,1.00,1.87
2016.11.22 23:08:44.144,1.07472,1.07493,1.87,3.37
2016.11.22 23:08:45.128,1.07472,1.07493,1.12,3.75
2016.11.22 23:08:45.640,1.07471,1.07492,1.87,1.87
2016.11.22 23:08:53.083,1.0747,1.0749,1.37,1.00
2016.11.22 23:08:53.590,1.0747,1.0749,1.12,1.87
2016.11.22 23:08:58.480,1.07471,1.07491,1.00,2.62
2016.11.22 23:08:58.783,1.07472,1.0749,1.37,1.00
2016.11.22 23:08:58.935,1.07471,1.07489,1.12,1.00
2016.11.22 23:09:02.193,1.0747,1.07489,1.00,1.00
2016.11.22 23:09:07.147,1.07469,1.0749,2.62,2.62
2016.11.22 23:09:07.745,1.07469,1.07489,2.62,1.00
2016.11.22 23:09:11.557,1.07469,1.07487,1.87,1.00
2016.11.22 23:09:15.237,1.07469,1.0749,1.87,1.87
2016.11.22 23:09:18.220,1.07469,1.07489,2.62,1.00
2016.11.22 23:09:18.816,1.07469,1.07488,2.62,1.00
2016.11.22 23:09:21.115,1.07471,1.07488,1.12,1.00
2016.11.22 23:09:21.166,1.07472,1.0749,1.00,2.25
2016.11.22 23:09:21.745,1.07473,1.0749,1.12,1.00
2016.11.22 23:09:22.987,1.07471,1.0749,1.37,1.50
2016.11.22 23:09:23.497,1.0747,1.0749,1.37,1.50
2016.11.22 23:09:26.737,1.0747,1.07491,1.87,1.87
2016.11.22 23:09:46.273,1.07472,1.07491,1.00,1.12
2016.11.22 23:09:49.247,1.07471,1.07491,1.87,1.12
2016.11.22 23:09:56.036,1.07471,1.0749,1.12,1.00
2016.11.22 23:10:00.022,1.07471,1.07491,1.12,1.12
2016.11.22 23:10:04.674,1.07473,1.07491,1.00,1.12
2016.11.22 23:10:04.826,1.07473,1.07493,1.12,1.12
2016.11.22 23:10:17.676,1.07473,1.07492,1.12,1.00
2016.11.22 23:10:24.474,1.07473,1.07494,1.12,2.62
2016.11.22 23:10:24.985,1.07473,1.07492,1.12,1.00
2016.11.22 23:10:39.269,1.07475,1.07492,1.00,1.00
2016.11.22 23:10:39.320,1.07475,1.07494,1.00,1.50
2016.11.22 23:10:39.731,1.07475,1.07496,2.25,2.17
2016.11.22 23:10:43.391,1.07475,1.07493,1.87,1.00
2016.11.22 23:10:49.532,1.07475,1.07494,1.87,1.50
2016.11.22 23:10:50.332,1.07475,1.07493,1.87,1.00
2016.11.22 23:10:50.743,1.07479,1.07493,1.00,1.50
2016.11.22 23:10:50.845,1.07476,1.07493,1.12,1.50
2016.11.22 23:10:50.896,1.07476,1.07495,1.12,1.00
2016.11.22 23:10:50.947,1.07477,1.07493,1.00,1.00
2016.11.22 23:10:51.102,1.07477,1.07496,1.00,1.12
2016.11.22 23:10:51.639,1.07476,1.07496,1.12,1.05
2016.11.22 23:11:12.367,1.07476,1.07496,1.12,3.67
2016.11.22 23:11:12.884,1.07475,1.07494,1.12,1.00
2016.11.22 23:11:18.645,1.07475,1.07496,1.12,4.05
2016.11.22 23:11:29.396,1.07475,1.07496,3.19,1.80
2016.11.22 23:11:34.119,1.07475,1.07496,1.87,1.80
2016.11.22 23:11:49.386,1.07476,1.07495,1.00,1.12
2016.11.22 23:11:49.900,1.07476,1.07496,2.62,1.05
2016.11.22 23:11:57.741,1.07477,1.07496,1.00,1.05
2016.11.22 23:12:06.444,1.07479,1.07496,1.50,1.27
2016.11.22 23:12:06.748,1.07481,1.075,1.00,2.02
2016.11.22 23:12:07.658,1.0748,1.075,1.31,1.80
2016.11.22 23:12:08.212,1.0748,1.075,1.56,1.80
2016.11.22 23:12:08.719,1.0748,1.075,1.56,1.80
2016.11.22 23:12:10.367,1.07481,1.075,1.00,1.80
2016.11.22 23:12:11.023,1.0748,1.075,1.31,1.80
2016.11.22 23:12:11.074,1.07481,1.075,1.56,1.80
2016.11.22 23:12:11.618,1.0748,1.075,1.69,2.55
2016.11.22 23:12:11.669,1.0748,1.07499,1.25,1.05
2016.11.22 23:12:11.720,1.07478,1.075,3.19,3.00
2016.11.22 23:12:12.023,1.07477,1.07498,3.19,1.05
2016.11.22 23:12:12.226,1.07479,1.07499,1.56,1.37
2016.11.22 23:12:12.529,1.07477,1.07498,2.44,1.05
2016.11.22 23:12:12.781,1.07478,1.07499,1.69,1.37
2016.11.22 23:12:13.085,1.07479,1.07498,1.56,1.67
2016.11.22 23:12:13.461,1.0748,1.07499,1.56,1.37
2016.11.22 23:12:13.994,1.0748,1.075,1.56,1.80
2016.11.22 23:12:14.996,1.07481,1.075,1.00,1.80
2016.11.22 23:12:15.516,1.0748,1.075,1.00,1.80
2016.11.22 23:12:17.586,1.07479,1.075,2.44,2.02
2016.11.22 23:12:18.379,1.0748,1.075,1.00,1.37
2016.11.22 23:12:18.884,1.07478,1.07499,2.62,1.05
2016.11.22 23:12:19.390,1.0748,1.075,1.50,1.80
2016.11.22 23:12:19.930,1.07479,1.07499,1.12,1.27
2016.11.22 23:12:20.638,1.0748,1.075,1.00,1.80
2016.11.22 23:12:21.245,1.07479,1.075,1.87,1.80
2016.11.22 23:12:21.793,1.0748,1.075,1.00,2.02
2016.11.22 23:12:22.467,1.07481,1.075,1.00,2.02
2016.11.22 23:12:23.048,1.07481,1.075,1.00,1.27
2016.11.22 23:12:24.592,1.0748,1.075,1.12,1.05
2016.11.22 23:12:24.646,1.07482,1.075,1.00,1.05
2016.11.22 23:12:25.202,1.07481,1.07501,1.87,1.05
2016.11.22 23:12:25.574,1.07481,1.07502,1.75,2.92
2016.11.22 23:12:25.878,1.07467,1.07492,5.55,1.12
2016.11.22 23:12:25.929,1.07467,1.07492,2.55,1.75
2016.11.22 23:12:26.131,1.07466,1.07489,1.62,1.87
2016.11.22 23:12:26.291,1.07461,1.07485,1.75,1.00
2016.11.22 23:12:26.342,1.0746,1.07485,1.05,1.00
2016.11.22 23:12:26.393,1.07459,1.07484,1.75,1.50
2016.11.22 23:12:26.444,1.07459,1.07484,2.25,1.37
2016.11.22 23:12:26.596,1.07466,1.07484,1.00,1.37
2016.11.22 23:12:26.850,1.07468,1.07487,1.00,1.37
2016.11.22 23:12:26.951,1.07474,1.07489,1.00,1.37
2016.11.22 23:12:27.246,1.07474,1.07491,1.00,1.00
2016.11.22 23:12:27.347,1.07476,1.07493,1.00,1.87
2016.11.22 23:12:27.872,1.07476,1.07493,1.00,1.12
2016.11.22 23:12:28.603,1.07478,1.07493,1.00,1.12
2016.11.22 23:12:29.058,1.0748,1.07493,1.00,1.12
2016.11.22 23:12:30.177,1.07478,1.07493,1.00,1.12
2016.11.22 23:12:33.553,1.07479,1.07493,1.00,1.12
2016.11.22 23:12:34.114,1.07478,1.07493,1.00,1.00
2016.11.22 23:12:40.677,1.07477,1.07493,1.00,1.00
2016.11.22 23:12:43.757,1.0748,1.07493,1.00,1.00
2016.11.22 23:12:49.247,1.07478,1.07493,1.00,1.00
2016.11.22 23:12:53.985,1.07482,1.07493,1.00,1.00
2016.11.22 23:12:54.136,1.07482,1.07496,1.00,1.37
2016.11.22 23:12:54.238,1.07482,1.07498,1.00,3.75
2016.11.22 23:12:54.339,1.07484,1.07498,1.00,3.75
2016.11.22 23:13:44.350,1.07483,1.07498,1.00,3.75
2016.11.22 23:13:44.855,1.07482,1.07498,1.00,3.75
2016.11.22 23:13:47.771,1.07482,1.07498,1.00,5.25
2016.11.22 23:13:58.904,1.07482,1.07497,1.00,1.37
2016.11.22 23:13:59.435,1.07482,1.07498,1.00,3.75
2016.11.22 23:14:02.195,1.07483,1.07498,1.00,2.62
2016.11.22 23:14:02.498,1.07481,1.07498,1.00,3.00
2016.11.22 23:14:12.447,1.07482,1.07497,1.00,1.87
2016.11.22 23:14:18.121,1.07482,1.07498,1.00,3.37
2016.11.22 23:14:19.243,1.07482,1.07498,1.00,3.00
2016.11.22 23:14:30.446,1.07482,1.07498,1.00,2.25
2016.11.22 23:14:37.627,1.07483,1.07498,1.00,1.87
2016.11.22 23:14:38.630,1.07481,1.07498,1.00,1.87
2016.11.22 23:15:07.632,1.07481,1.07498,1.00,2.25
2016.11.22 23:15:28.333,1.07481,1.07497,1.00,1.00
2016.11.22 23:15:29.790,1.07476,1.07498,1.50,2.62
2016.11.22 23:15:30.629,1.07478,1.07498,1.00,2.62
2016.11.22 23:15:30.983,1.07481,1.07498,1.00,2.62
2016.11.22 23:15:31.337,1.07479,1.07499,1.50,2.25
2016.11.22 23:15:31.480,1.07477,1.07498,3.75,1.87
2016.11.22 23:15:31.568,1.07479,1.07496,1.00,1.37
2016.11.22 23:15:31.972,1.07482,1.07496,1.00,1.37
2016.11.22 23:15:32.074,1.07478,1.07496,1.00,1.37
2016.11.22 23:15:32.226,1.07479,1.07498,1.50,1.37
2016.11.22 23:15:32.327,1.0748,1.075,1.12,1.87
2016.11.22 23:15:32.630,1.0748,1.07498,1.00,1.87
2016.11.22 23:15:32.681,1.07477,1.07498,1.87,1.87
2016.11.22 23:15:32.732,1.07477,1.07498,1.50,3.00
2016.11.22 23:15:33.158,1.0748,1.07498,1.00,1.75
2016.11.22 23:15:33.362,1.07482,1.075,1.00,1.50
2016.11.22 23:15:33.515,1.0748,1.075,1.12,3.37
2016.11.22 23:15:33.667,1.07488,1.075,1.00,3.37
2016.11.22 23:15:33.718,1.07483,1.075,1.00,3.37
2016.11.22 23:15:33.772,1.07483,1.07497,1.00,1.50
2016.11.22 23:15:34.027,1.07471,1.07489,1.37,1.00
2016.11.22 23:15:34.079,1.07471,1.07486,1.37,1.00
2016.11.22 23:15:34.282,1.07468,1.07486,1.87,1.00
2016.11.22 23:15:34.476,1.07468,1.07479,1.12,1.00
2016.11.22 23:15:34.630,1.07462,1.07476,1.87,1.00
2016.11.22 23:15:34.734,1.07459,1.07469,1.12,1.00
2016.11.22 23:15:34.940,1.07454,1.07468,1.25,1.05
2016.11.22 23:15:35.043,1.07452,1.0747,1.69,2.17
2016.11.22 23:15:35.146,1.07451,1.07469,1.37,1.80
2016.11.22 23:15:35.696,1.0745,1.07467,1.37,1.67
2016.11.22 23:15:36.507,1.07452,1.07468,1.00,1.80
2016.11.22 23:15:38.768,1.07452,1.07467,1.00,1.80
2016.11.22 23:15:40.059,1.07454,1.07468,1.00,1.37
2016.11.22 23:15:40.161,1.07454,1.07472,1.00,2.25
2016.11.22 23:15:40.264,1.07454,1.07474,1.00,1.50
2016.11.22 23:15:40.315,1.07456,1.07477,1.00,1.50
2016.11.22 23:15:40.367,1.07456,1.07477,1.00,1.87
2016.11.22 23:15:41.408,1.07458,1.07478,1.00,1.87
2016.11.22 23:15:41.920,1.07458,1.07478,1.87,1.00
2016.11.22 23:15:45.469,1.07458,1.07478,2.62,1.00
2016.11.22 23:15:45.722,1.07458,1.07478,2.62,1.00
2016.11.22 23:15:58.202,1.07458,1.07479,1.37,1.87
2016.11.22 23:15:58.303,1.07456,1.07479,1.87,2.62
2016.11.22 23:16:01.757,1.07456,1.07477,1.37,1.00
2016.11.22 23:16:02.284,1.07456,1.07478,1.00,1.12
2016.11.22 23:16:02.785,1.07456,1.07477,1.00,1.00
2016.11.22 23:16:10.113,1.07455,1.07477,1.50,1.50
2016.11.22 23:16:14.307,1.07456,1.07477,1.37,1.50
2016.11.22 23:16:14.813,1.07457,1.07479,1.37,2.62
2016.11.22 23:16:16.149,1.07457,1.07477,1.37,1.00
2016.11.22 23:16:16.693,1.07456,1.07477,1.50,1.12
2016.11.22 23:16:21.591,1.07455,1.07477,1.87,1.12
2016.11.22 23:16:22.203,1.07455,1.07477,1.00,1.12
2016.11.22 23:16:26.069,1.07456,1.07478,1.00,1.87
2016.11.22 23:16:26.120,1.07458,1.07478,1.00,1.37
2016.11.22 23:16:26.222,1.07458,1.0748,1.87,1.87
2016.11.22 23:16:26.729,1.07458,1.0748,2.62,1.00
2016.11.22 23:16:35.289,1.07458,1.07481,3.37,1.31
2016.11.22 23:16:35.835,1.0746,1.07481,1.00,1.25
2016.11.22 23:16:39.025,1.0746,1.0748,1.50,1.00
2016.11.22 23:16:39.555,1.0746,1.07479,1.37,1.00
2016.11.22 23:16:40.180,1.0746,1.07481,1.37,1.69
2016.11.22 23:16:40.743,1.0746,1.07479,1.37,1.00
2016.11.22 23:16:41.244,1.0746,1.0748,1.37,1.12
2016.11.22 23:16:51.541,1.0746,1.07479,1.37,1.00
2016.11.22 23:16:51.642,1.07458,1.07479,1.50,1.12
2016.11.22 23:17:02.379,1.07458,1.07479,1.00,1.50
2016.11.22 23:17:07.530,1.07457,1.07477,1.50,1.00
2016.11.22 23:17:08.057,1.07457,1.07477,1.00,1.12
2016.11.22 23:17:43.937,1.07456,1.07474,1.50,1.00
2016.11.22 23:17:44.139,1.07453,1.07474,1.87,1.37
2016.11.22 23:17:44.241,1.07453,1.07477,1.87,1.12
2016.11.22 23:17:44.292,1.07453,1.07477,2.62,1.12
2016.11.22 23:17:44.646,1.07452,1.07475,1.75,1.00
2016.11.22 23:17:44.747,1.07452,1.07475,1.12,1.00
2016.11.22 23:17:49.686,1.07451,1.07474,1.87,1.00
2016.11.22 23:18:02.165,1.07451,1.07474,1.12,1.00
2016.11.22 23:18:17.842,1.07449,1.07475,2.25,1.00
2016.11.22 23:18:18.370,1.07449,1.07474,2.25,1.00
2016.11.22 23:18:33.026,1.07451,1.07475,1.12,1.50
2016.11.22 23:18:35.385,1.07451,1.07476,1.12,1.50
2016.11.22 23:18:39.399,1.07451,1.07475,1.12,1.00
2016.11.22 23:18:39.909,1.07451,1.07474,1.12,1.00
2016.11.22 23:19:01.176,1.0745,1.07473,1.87,1.00
2016.11.22 23:19:01.429,1.07447,1.07471,1.80,1.00
2016.11.22 23:19:01.658,1.07446,1.07471,1.50,1.00
2016.11.22 23:19:02.012,1.07445,1.07471,1.87,1.31
2016.11.22 23:19:11.656,1.07444,1.0747,2.25,1.12
2016.11.22 23:19:22.169,1.07444,1.0747,1.50,1.50
2016.11.22 23:19:30.851,1.07445,1.07471,1.00,1.69
2016.11.22 23:19:44.226,1.07444,1.07469,1.12,1.00
2016.11.22 23:19:44.732,1.07442,1.07468,1.75,1.00
2016.11.22 23:19:46.500,1.07443,1.07469,1.50,1.50
2016.11.22 23:19:47.148,1.07446,1.07469,1.00,1.00
2016.11.22 23:19:47.666,1.07447,1.07471,1.00,2.44
2016.11.22 23:19:48.206,1.07448,1.0747,1.00,1.50
2016.11.22 23:19:48.723,1.07447,1.07471,1.00,2.44
2016.11.22 23:19:51.999,1.07447,1.07469,1.00,1.00
2016.11.22 23:19:52.530,1.07446,1.07469,1.00,1.00
2016.11.22 23:19:55.005,1.07446,1.07471,1.00,2.44
2016.11.22 23:19:59.970,1.07446,1.07469,1.00,1.00
2016.11.22 23:20:00.489,1.07446,1.07468,1.00,1.00
2016.11.22 23:20:02.998,1.07446,1.0747,1.00,1.00
2016.11.22 23:20:06.848,1.07446,1.07468,1.00,1.00
2016.11.22 23:20:10.974,1.07446,1.07469,1.00,1.00
2016.11.22 23:20:16.396,1.07446,1.07468,1.00,1.00
2016.11.22 23:20:16.919,1.07446,1.07467,1.00,1.00
2016.11.22 23:20:18.996,1.07446,1.07469,1.00,1.00
2016.11.22 23:20:25.006,1.07446,1.07468,1.00,1.00
2016.11.22 23:20:26.968,1.07446,1.07469,1.00,1.00
2016.11.22 23:20:28.446,1.07446,1.07468,1.00,1.00
2016.11.22 23:20:32.948,1.07446,1.07469,1.00,1.00
2016.11.22 23:20:33.108,1.07446,1.07467,1.00,1.00
2016.11.22 23:20:34.994,1.07446,1.07468,1.00,1.00
2016.11.22 23:20:35.527,1.07446,1.07469,1.00,1.00
2016.11.22 23:20:36.114,1.07446,1.0747,1.00,1.05
2016.11.22 23:20:40.022,1.07446,1.07469,1.00,1.00
2016.11.22 23:20:40.326,1.07446,1.07466,1.00,1.87
2016.11.22 23:20:40.908,1.07444,1.07466,2.62,1.87
2016.11.22 23:20:41.061,1.07443,1.07466,1.00,1.87
2016.11.22 23:20:48.349,1.07443,1.07467,1.00,1.00
2016.11.22 23:20:49.159,1.07443,1.07468,1.00,1.12
2016.11.22 23:20:49.411,1.07446,1.07468,1.00,1.12
2016.11.22 23:20:49.923,1.07446,1.07469,1.00,1.87
2016.11.22 23:20:50.226,1.07459,1.07474,1.00,1.31
2016.11.22 23:20:55.402,1.0746,1.07475,1.00,1.76
2016.11.22 23:21:00.356,1.07459,1.07475,1.00,1.76
2016.11.22 23:21:00.902,1.07458,1.07475,1.00,1.76
2016.11.22 23:21:15.446,1.07456,1.07474,1.87,1.31
2016.11.22 23:21:15.598,1.07455,1.07474,1.12,1.19
2016.11.22 23:21:15.952,1.07453,1.07474,1.12,2.96
2016.11.22 23:21:18.091,1.07455,1.07474,1.00,1.56
2016.11.22 23:21:18.227,1.07453,1.07475,1.12,1.80
2016.11.22 23:21:23.193,1.07452,1.07472,1.12,2.06
2016.11.22 23:21:24.606,1.07453,1.07474,1.00,1.31
2016.11.22 23:21:33.647,1.07454,1.07475,1.00,2.74
2016.11.22 23:21:56.021,1.07453,1.07475,1.00,2.74
2016.11.22 23:21:56.542,1.07454,1.07475,1.00,2.74
2016.11.22 23:22:03.521,1.07455,1.07475,1.00,1.57
2016.11.22 23:22:04.051,1.07456,1.07475,1.00,2.51
2016.11.22 23:22:14.816,1.07453,1.07475,1.00,2.51
2016.11.22 23:22:25.612,1.07455,1.07475,1.00,1.57
2016.11.22 23:22:53.898,1.07454,1.07475,1.00,1.57
2016.11.22 23:23:25.709,1.07454,1.07475,1.00,2.32
2016.11.22 23:23:47.622,1.07451,1.07475,1.12,2.32
2016.11.22 23:23:55.854,1.07451,1.07475,1.87,2.32
2016.11.22 23:23:56.234,1.07454,1.07474,2.62,1.19
2016.11.22 23:24:21.775,1.07452,1.07474,1.87,1.56
2016.11.22 23:24:44.572,1.07454,1.07474,1.00,1.56
2016.11.22 23:25:19.214,1.07456,1.07475,1.00,1.57
2016.11.22 23:25:19.731,1.07456,1.07475,2.62,1.34
2016.11.22 23:25:31.028,1.0746,1.07477,1.00,1.95
2016.11.22 23:25:31.534,1.07461,1.07477,1.00,1.82
2016.11.22 23:25:36.069,1.07462,1.07479,1.00,1.56
2016.11.22 23:25:36.221,1.07462,1.07479,1.00,1.37
2016.11.22 23:25:39.463,1.07463,1.07479,1.00,1.37
2016.11.22 23:25:39.666,1.07463,1.07481,1.00,1.87
2016.11.22 23:25:42.386,1.07462,1.07481,1.00,2.62
2016.11.22 23:25:43.043,1.07463,1.07481,1.00,1.37
2016.11.22 23:25:49.995,1.07465,1.07481,1.00,1.37
2016.11.22 23:25:50.541,1.07465,1.07482,1.00,1.37
2016.11.22 23:25:51.277,1.07464,1.07482,1.00,1.37
2016.11.22 23:26:02.095,1.07465,1.07482,1.00,1.37
2016.11.22 23:26:06.601,1.07464,1.07482,1.00,1.37
2016.11.22 23:26:07.482,1.07465,1.07482,1.00,1.37
2016.11.22 23:26:07.735,1.07466,1.07484,1.00,1.87
2016.11.22 23:26:08.240,1.07465,1.07484,1.00,1.87
2016.11.22 23:26:08.541,1.07467,1.07484,1.00,1.37
2016.11.22 23:26:09.069,1.07467,1.07485,1.00,2.51
2016.11.22 23:26:33.067,1.07468,1.07486,1.00,1.12
2016.11.22 23:26:33.371,1.0747,1.07486,1.00,1.37
2016.11.22 23:26:38.387,1.07469,1.07486,1.00,1.37
2016.11.22 23:27:03.582,1.0747,1.07486,1.00,1.37
2016.11.22 23:27:03.837,1.0747,1.07487,1.00,1.87
2016.11.22 23:27:07.431,1.07471,1.07486,1.00,1.50
2016.11.22 23:27:07.785,1.07471,1.0749,1.00,1.37
2016.11.22 23:27:15.433,1.0747,1.0749,1.00,1.37
2016.11.22 23:27:19.130,1.07471,1.0749,1.00,1.37
2016.11.22 23:27:26.945,1.0747,1.07486,1.12,1.00
2016.11.22 23:27:27.473,1.07469,1.07486,1.00,1.00
2016.11.22 23:27:34.194,1.07469,1.07488,1.00,1.87
2016.11.22 23:27:34.507,1.07468,1.07486,1.00,1.87
2016.11.22 23:27:35.013,1.07467,1.07485,1.00,1.87
2016.11.22 23:27:35.317,1.07468,1.07484,1.00,1.37
2016.11.22 23:27:36.720,1.07467,1.07484,1.00,1.37
2016.11.22 23:27:36.924,1.07467,1.07486,1.00,2.62
2016.11.22 23:27:38.489,1.07468,1.07486,1.00,1.87
2016.11.22 23:27:40.973,1.07468,1.07487,1.00,1.87
2016.11.22 23:27:45.371,1.07469,1.07487,1.00,2.25
2016.11.22 23:27:50.118,1.07469,1.07488,1.00,1.37
2016.11.22 23:27:51.470,1.0747,1.07488,1.00,1.37
2016.11.22 23:27:51.672,1.07471,1.07491,1.00,1.87
2016.11.22 23:27:51.774,1.07471,1.07488,1.00,1.00
2016.11.22 23:27:52.286,1.0747,1.07489,1.00,1.37
2016.11.22 23:27:52.982,1.0747,1.07488,1.00,1.87
2016.11.22 23:27:53.496,1.07469,1.07487,1.00,1.00
2016.11.22 23:27:53.800,1.07469,1.07484,1.00,1.00
2016.11.22 23:27:53.852,1.07469,1.07487,1.00,2.25
2016.11.22 23:28:00.179,1.07468,1.07487,1.00,1.37
2016.11.22 23:28:01.522,1.07469,1.07488,1.00,1.12
2016.11.22 23:28:01.968,1.0747,1.07489,1.50,1.50
2016.11.22 23:28:02.474,1.07471,1.07489,1.00,1.00
2016.11.22 23:28:07.436,1.0747,1.07489,1.87,1.00
2016.11.22 23:28:12.487,1.0747,1.07491,1.87,2.25
2016.11.22 23:28:12.996,1.0747,1.07489,1.12,1.12
2016.11.22 23:28:15.721,1.0747,1.07489,1.12,1.37
2016.11.22 23:28:16.235,1.0747,1.07489,1.12,1.00
2016.11.22 23:28:16.989,1.0747,1.0749,1.87,1.87
2016.11.22 23:28:25.286,1.07469,1.07487,2.62,1.00
2016.11.22 23:28:26.337,1.07469,1.07486,1.37,1.50
2016.11.22 23:28:26.551,1.07465,1.07484,2.25,1.00
2016.11.22 23:28:27.224,1.07465,1.07484,1.00,2.62
2016.11.22 23:28:27.578,1.07465,1.07481,1.00,1.00
2016.11.22 23:28:28.088,1.07464,1.07481,1.12,1.00
2016.11.22 23:28:28.691,1.07464,1.07483,2.62,2.62
2016.11.22 23:28:29.446,1.07465,1.07483,1.00,2.62
2016.11.22 23:28:38.195,1.07464,1.07483,1.87,2.62
2016.11.22 23:28:38.845,1.07465,1.07484,1.00,1.37
2016.11.22 23:28:39.419,1.07465,1.07485,1.00,2.62
2016.11.22 23:28:39.924,1.07465,1.07485,1.87,1.00
2016.11.22 23:28:41.865,1.07465,1.07484,1.87,1.00
2016.11.22 23:28:42.368,1.07465,1.07484,1.00,1.12
2016.11.22 23:28:44.200,1.07466,1.07485,1.00,1.87
2016.11.22 23:28:44.736,1.07465,1.07485,1.50,1.87
2016.11.22 23:29:11.129,1.07466,1.07485,1.50,1.87
2016.11.22 23:29:11.635,1.07466,1.07484,1.00,1.37
2016.11.22 23:29:12.107,1.07465,1.07483,1.50,1.75
2016.11.22 23:29:32.227,1.07465,1.07483,2.25,1.87
2016.11.22 23:29:32.762,1.07465,1.07483,2.25,1.12
2016.11.22 23:29:54.449,1.07466,1.07484,1.00,1.37
2016.11.22 23:29:55.694,1.07467,1.07484,1.00,1.37
2016.11.22 23:30:00.932,1.07467,1.07481,1.00,1.00
2016.11.22 23:30:01.135,1.07468,1.07484,1.00,1.50
2016.11.22 23:30:20.045,1.0747,1.07485,1.00,1.37
2016.11.22 23:30:20.147,1.0747,1.07486,1.50,1.00
2016.11.22 23:30:21.872,1.07475,1.07488,1.00,1.00
2016.11.22 23:30:21.923,1.07476,1.0749,1.00,1.12
2016.11.22 23:30:22.429,1.07475,1.0749,1.50,1.00
2016.11.22 23:30:23.086,1.07476,1.0749,1.00,1.00
2016.11.22 23:30:24.526,1.07475,1.0749,1.00,1.00
2016.11.22 23:30:29.269,1.07477,1.0749,1.00,1.00
2016.11.22 23:30:30.640,1.07477,1.07492,1.00,1.00
2016.11.22 23:30:31.172,1.07476,1.07492,3.00,1.50
2016.11.22 23:30:43.543,1.07477,1.07492,1.00,1.50
2016.11.22 23:30:49.545,1.07476,1.07492,2.25,1.00
2016.11.22 23:30:50.093,1.07477,1.07492,1.00,1.00
2016.11.22 23:30:50.639,1.07476,1.07492,1.50,1.50
2016.11.22 23:30:51.644,1.07476,1.07491,1.00,1.50
2016.11.22 23:30:51.998,1.07476,1.07489,1.00,1.00
2016.11.22 23:30:52.200,1.07476,1.07492,1.00,1.50
2016.11.22 23:30:52.600,1.07474,1.0749,1.50,1.00
2016.11.22 23:31:00.210,1.07475,1.0749,1.00,1.50
2016.11.22 23:31:01.070,1.07474,1.0749,2.25,1.50
2016.11.22 23:31:03.311,1.07475,1.0749,1.00,1.00
2016.11.22 23:31:03.514,1.07476,1.07492,2.25,1.00
2016.11.22 23:31:04.945,1.07474,1.0749,2.62,1.00
2016.11.22 23:31:10.179,1.07475,1.0749,1.50,1.00
2016.11.22 23:31:14.896,1.07476,1.0749,1.00,1.00
2016.11.22 23:31:15.423,1.07475,1.0749,1.00,1.00
2016.11.22 23:31:15.676,1.07476,1.07492,2.25,1.50
2016.11.22 23:31:16.081,1.07476,1.0749,1.50,1.00
2016.11.22 23:31:16.182,1.07476,1.07492,2.25,3.00
2016.11.22 23:31:16.751,1.07476,1.07491,2.25,1.00
2016.11.22 23:31:20.396,1.07476,1.07492,2.25,1.00
2016.11.22 23:31:22.518,1.07483,1.07492,1.00,1.00
2016.11.22 23:31:22.588,1.07485,1.07496,1.00,1.12
2016.11.22 23:31:22.639,1.07482,1.07497,1.50,1.00
2016.11.22 23:31:22.741,1.07485,1.07499,1.00,1.12
2016.11.22 23:31:23.044,1.07482,1.07496,1.00,1.00
2016.11.22 23:31:23.349,1.07485,1.07493,1.50,1.00
2016.11.22 23:31:23.400,1.07485,1.07496,1.50,1.00
2016.11.22 23:31:23.502,1.07488,1.075,1.00,3.49
2016.11.22 23:31:23.756,1.07486,1.075,1.00,2.51
2016.11.22 23:31:24.302,1.07488,1.075,1.00,2.51
2016.11.22 23:31:24.848,1.07487,1.075,1.00,2.51
2016.11.22 23:31:25.907,1.07485,1.075,1.00,2.74
2016.11.22 23:31:26.009,1.07482,1.07498,1.00,1.00
2016.11.22 23:31:26.413,1.07484,1.07498,1.00,1.00
2016.11.22 23:31:27.070,1.07484,1.075,1.50,1.99
2016.11.22 23:31:30.216,1.07484,1.07498,1.50,1.00
2016.11.22 23:31:30.735,1.07484,1.07499,1.00,1.00
2016.11.22 23:31:34.552,1.07484,1.07497,1.00,1.00
2016.11.22 23:31:34.855,1.07484,1.07495,1.00,1.00
2016.11.22 23:32:10.638,1.07484,1.07495,1.00,2.62
2016.11.22 23:32:11.138,1.07482,1.07495,2.25,2.62
2016.11.22 23:32:11.239,1.07482,1.07495,2.25,1.00
2016.11.22 23:32:11.385,1.07484,1.07495,1.00,1.00
2016.11.22 23:32:11.537,1.07484,1.07497,1.00,1.00
2016.11.22 23:32:12.481,1.07484,1.07496,1.00,1.00
2016.11.22 23:32:13.170,1.07484,1.07497,1.00,1.00
2016.11.22 23:32:13.675,1.07484,1.07496,1.00,1.00
2016.11.22 23:32:20.292,1.07484,1.07497,1.00,1.00
2016.11.22 23:32:20.494,1.07484,1.07495,1.00,1.00
2016.11.22 23:32:20.646,1.07481,1.07494,1.00,1.00
2016.11.22 23:32:21.151,1.07481,1.07495,1.00,1.61
2016.11.22 23:32:21.865,1.07481,1.07494,1.00,1.00
2016.11.22 23:32:22.931,1.0748,1.07494,1.00,1.00
2016.11.22 23:32:26.060,1.0748,1.07493,1.00,1.00
2016.11.22 23:32:27.476,1.07479,1.07493,1.00,1.00
2016.11.22 23:32:31.332,1.07479,1.07492,1.50,1.00
2016.11.22 23:32:31.870,1.07479,1.07493,1.00,2.25
2016.11.22 23:32:33.760,1.07478,1.07492,1.00,1.00
2016.11.22 23:32:34.012,1.0748,1.07492,1.00,1.00
2016.11.22 23:32:34.520,1.0748,1.07493,1.00,1.50
2016.11.22 23:32:35.470,1.0748,1.07492,1.00,1.00
2016.11.22 23:32:36.107,1.0748,1.07493,1.00,1.50
2016.11.22 23:32:37.424,1.07482,1.07492,1.00,1.00
2016.11.22 23:32:37.474,1.0748,1.07492,1.00,1.00
2016.11.22 23:32:38.034,1.0748,1.07493,1.00,1.50
2016.11.22 23:32:40.271,1.0748,1.07492,1.00,1.00
2016.11.22 23:32:41.067,1.0748,1.07493,1.00,1.00
2016.11.22 23:32:41.616,1.0748,1.07492,1.00,1.00
2016.11.22 23:32:42.991,1.0748,1.07491,1.00,1.00
2016.11.22 23:32:43.497,1.07479,1.07491,1.00,1.00
2016.11.22 23:32:44.028,1.07479,1.07492,1.00,1.00
2016.11.22 23:32:44.079,1.07482,1.07493,1.00,1.50
2016.11.22 23:32:44.130,1.07479,1.07493,1.00,1.50
2016.11.22 23:32:46.587,1.07481,1.07493,1.00,1.50
2016.11.22 23:32:47.093,1.0748,1.07493,1.00,1.50
2016.11.22 23:32:47.396,1.0748,1.07491,1.00,1.00
2016.11.22 23:32:47.619,1.0748,1.07493,1.00,1.50
2016.11.22 23:32:50.935,1.07479,1.07493,1.00,1.50
2016.11.22 23:32:51.470,1.0748,1.07493,1.00,1.50
2016.11.22 23:32:57.467,1.07482,1.07493,1.00,1.00
2016.11.22 23:32:57.517,1.0748,1.07493,1.00,1.00
2016.11.22 23:32:58.107,1.0748,1.07492,1.00,1.00
2016.11.22 23:32:58.310,1.0748,1.07494,1.00,1.50
2016.11.22 23:33:00.021,1.07483,1.07494,1.00,1.00
2016.11.22 23:33:00.072,1.0748,1.07494,1.00,1.50
2016.11.22 23:33:00.223,1.07484,1.07494,1.00,1.00
2016.11.22 23:33:00.274,1.0748,1.07493,1.00,1.00
2016.11.22 23:33:05.622,1.0748,1.07494,1.00,1.00
2016.11.22 23:33:20.145,1.07481,1.07494,1.00,1.00
2016.11.22 23:33:22.017,1.07481,1.07493,1.00,1.00
2016.11.22 23:33:24.102,1.07479,1.07493,1.50,1.00
2016.11.22 23:33:24.468,1.07481,1.07493,1.00,1.00
2016.11.22 23:33:27.977,1.0748,1.07493,1.00,1.00
2016.11.22 23:33:28.509,1.07481,1.07493,1.00,1.00
2016.11.22 23:33:30.422,1.07481,1.07494,1.00,1.00
2016.11.22 23:33:33.415,1.0748,1.07494,1.00,1.00
2016.11.22 23:33:33.916,1.0748,1.07493,1.00,1.00
2016.11.22 23:33:34.415,1.07479,1.07491,1.00,1.00
2016.11.22 23:33:34.466,1.07479,1.07493,1.00,1.50
2016.11.22 23:33:34.618,1.07477,1.07492,2.25,1.00
2016.11.22 23:33:35.182,1.07477,1.07493,2.81,2.25
2016.11.22 23:33:35.485,1.07478,1.07491,1.00,1.00
2016.11.22 23:33:35.587,1.07478,1.07493,1.50,2.25
2016.11.22 23:33:36.114,1.07478,1.07492,1.00,1.50
2016.11.22 23:33:36.644,1.07479,1.07492,1.00,1.50
2016.11.22 23:33:36.791,1.07477,1.07492,2.06,1.50
2016.11.22 23:33:37.300,1.07478,1.07491,1.00,1.00
2016.11.22 23:33:37.829,1.07479,1.07492,1.00,1.00
2016.11.22 23:33:39.594,1.07478,1.07492,1.12,1.00
2016.11.22 23:33:40.659,1.07479,1.07492,1.00,1.00
2016.11.22 23:33:41.725,1.0748,1.07492,1.00,1.00
2016.11.22 23:33:41.878,1.07481,1.07494,1.50,1.50
2016.11.22 23:33:41.929,1.07481,1.07492,1.00,1.00
2016.11.22 23:33:41.979,1.07479,1.07492,1.00,1.00
2016.11.22 23:33:42.132,1.0748,1.07494,1.00,1.50
2016.11.22 23:33:42.435,1.07481,1.07496,1.50,1.00
2016.11.22 23:33:42.486,1.07481,1.07494,1.50,1.00
2016.11.22 23:33:42.537,1.07481,1.07496,1.50,1.00
2016.11.22 23:33:43.043,1.07482,1.07496,1.00,1.00
2016.11.22 23:33:46.692,1.07483,1.07496,1.00,1.00
2016.11.22 23:33:59.970,1.07482,1.07496,1.50,1.00
2016.11.22 23:34:00.480,1.07483,1.07496,1.00,1.00
2016.11.22 23:34:01.568,1.07484,1.07496,1.00,1.00
2016.11.22 23:34:01.732,1.07484,1.07498,1.00,1.69
2016.11.22 23:34:02.238,1.07483,1.07498,1.00,1.00
2016.11.22 23:34:03.089,1.07483,1.07496,1.00,1.00
2016.11.22 23:34:40.961,1.07483,1.07497,1.50,1.00
2016.11.22 23:34:41.488,1.07483,1.07498,1.50,1.50
2016.11.22 23:34:57.774,1.07483,1.07497,1.87,1.00
2016.11.22 23:35:09.971,1.07482,1.07497,2.25,1.37
2016.11.22 23:35:15.096,1.0748,1.07495,2.25,1.61
2016.11.22 23:35:15.299,1.0748,1.07495,2.25,1.61
2016.11.22 23:35:15.551,1.0748,1.07493,1.50,1.00
2016.11.22 23:35:15.653,1.0748,1.07495,1.12,1.42
2016.11.22 23:35:16.057,1.07482,1.07496,1.00,1.50
2016.11.22 23:35:16.562,1.07482,1.07497,1.12,1.50
2016.11.22 23:35:31.660,1.07484,1.07497,1.00,1.50
2016.11.22 23:35:31.843,1.07484,1.07499,1.50,1.00
2016.11.22 23:35:31.995,1.07486,1.07498,1.00,1.00
2016.11.22 23:35:32.147,1.07484,1.075,1.50,1.00
2016.11.22 23:35:32.248,1.07484,1.07497,1.50,1.00
2016.11.22 23:35:32.753,1.07484,1.07497,1.00,1.00
2016.11.22 23:35:45.046,1.07485,1.07497,1.00,1.00
2016.11.22 23:35:47.470,1.07484,1.07497,1.00,1.00
2016.11.22 23:36:02.170,1.07481,1.07496,2.62,1.00
2016.11.22 23:36:02.551,1.07477,1.07489,1.12,1.00
2016.11.22 23:36:02.703,1.07475,1.07489,1.00,3.00
2016.11.22 23:36:02.754,1.07474,1.07484,1.50,1.00
2016.11.22 23:36:02.856,1.07473,1.07486,2.25,1.00
2016.11.22 23:36:03.361,1.07473,1.07487,1.50,1.00
2016.11.22 23:36:04.699,1.07474,1.07487,1.50,1.00
2016.11.22 23:36:04.800,1.07474,1.07489,1.50,3.00
2016.11.22 23:36:06.896,1.07473,1.07487,1.50,1.00
2016.11.22 23:36:07.402,1.07471,1.07486,2.62,2.25
2016.11.22 23:36:07.664,1.07471,1.07486,2.25,1.50
2016.11.22 23:36:09.169,1.07471,1.07484,1.50,1.00
2016.11.22 23:36:09.473,1.07467,1.07482,1.87,1.50
2016.11.22 23:36:09.676,1.07467,1.0748,1.00,1.00
2016.11.22 23:36:09.984,1.07463,1.07478,2.25,1.00
2016.11.22 23:36:10.186,1.07465,1.0748,1.12,1.00
2016.11.22 23:36:13.668,1.07467,1.07481,1.00,1.00
2016.11.22 23:36:14.189,1.07467,1.07482,1.50,1.00
2016.11.22 23:36:14.695,1.07466,1.07481,1.00,1.00
2016.11.22 23:36:16.736,1.07467,1.07482,1.00,1.00
2016.11.22 23:36:17.040,1.07469,1.07484,1.00,1.00
2016.11.22 23:36:19.195,1.07468,1.07483,1.00,1.00
2016.11.22 23:36:19.700,1.07469,1.07484,1.12,1.00
2016.11.22 23:36:32.344,1.07468,1.07483,1.50,1.00
2016.11.22 23:36:35.046,1.07468,1.07484,1.50,1.00
2016.11.22 23:36:35.350,1.07465,1.07481,1.75,1.50
2016.11.22 23:36:35.402,1.07464,1.0748,1.50,1.00
2016.11.22 23:36:35.946,1.07463,1.07479,1.75,1.00
2016.11.22 23:36:42.330,1.07463,1.07479,1.50,1.00
2016.11.22 23:36:43.369,1.07464,1.0748,1.12,1.50
2016.11.22 23:36:43.893,1.07465,1.0748,1.00,1.00
2016.11.22 23:36:44.412,1.07464,1.07479,1.50,1.00
2016.11.22 23:36:47.770,1.07465,1.0748,1.00,1.00
2016.11.22 23:36:49.170,1.07464,1.07479,1.50,1.00
2016.11.22 23:36:49.574,1.07464,1.07477,1.00,1.00
2016.11.22 23:36:50.136,1.07463,1.07478,1.50,1.00
2016.11.22 23:36:58.546,1.07462,1.07477,2.25,1.00
2016.11.22 23:37:03.908,1.07462,1.07478,1.87,1.00
2016.11.22 23:37:04.536,1.07463,1.07479,1.00,2.25
2016.11.22 23:37:42.390,1.07463,1.0748,1.87,1.00
2016.11.22 23:37:42.694,1.07464,1.0748,1.87,1.00
2016.11.22 23:37:55.545,1.07464,1.07481,1.87,1.50
2016.11.22 23:37:56.057,1.07466,1.07482,1.50,1.00
2016.11.22 23:37:56.740,1.07466,1.07483,1.50,1.87
2016.11.22 23:37:57.043,1.07464,1.0748,1.87,1.00
2016.11.22 23:37:57.246,1.07464,1.0748,1.50,1.00
2016.11.22 23:38:02.269,1.07463,1.0748,2.25,1.00
2016.11.22 23:38:21.417,1.07463,1.07479,2.62,1.00
2016.11.22 23:38:21.922,1.07462,1.07478,1.12,1.00
2016.11.22 23:38:22.454,1.07462,1.07478,1.37,1.00
2016.11.22 23:38:29.039,1.07462,1.07476,1.37,1.00
2016.11.22 23:38:29.191,1.07462,1.07479,1.00,1.87
2016.11.22 23:38:29.444,1.07464,1.0748,1.00,2.62
2016.11.22 23:38:29.972,1.07465,1.0748,1.00,2.25
2016.11.22 23:38:50.246,1.07466,1.0748,1.00,1.00
2016.11.22 23:38:50.550,1.07468,1.07482,1.00,1.07
2016.11.22 23:38:51.056,1.07468,1.07482,1.00,1.00
2016.11.22 23:38:51.572,1.07467,1.07482,1.12,1.00
2016.11.22 23:38:52.462,1.07468,1.07482,1.00,1.00
2016.11.22 23:38:53.341,1.07469,1.07482,1.00,1.00
2016.11.22 23:38:54.523,1.07469,1.07483,1.00,1.00
2016.11.22 23:38:55.066,1.07469,1.07482,1.00,1.00
2016.11.22 23:38:57.665,1.07468,1.07482,1.00,1.00
2016.11.22 23:38:58.602,1.07469,1.07482,1.00,1.00
2016.11.22 23:38:59.517,1.07469,1.07483,1.00,1.00
2016.11.22 23:39:03.753,1.0747,1.07483,1.00,1.50
2016.11.22 23:39:06.646,1.07469,1.07483,1.00,1.50
2016.11.22 23:39:08.294,1.07467,1.07483,2.25,1.87
2016.11.22 23:39:10.797,1.07468,1.07483,1.00,1.50
2016.11.22 23:39:11.311,1.07468,1.07484,1.50,1.50
2016.11.22 23:39:11.841,1.07468,1.07483,1.00,1.50
2016.11.22 23:39:14.895,1.07467,1.07483,2.25,1.50
2016.11.22 23:39:23.283,1.07467,1.07483,3.00,3.37
2016.11.22 23:39:23.385,1.07467,1.07483,3.00,1.87
2016.11.22 23:39:43.516,1.07467,1.07483,3.00,1.50
2016.11.22 23:39:54.598,1.07468,1.07483,1.00,1.00
2016.11.22 23:40:07.794,1.07469,1.07483,1.00,1.00
2016.11.22 23:40:19.221,1.07469,1.07483,1.00,1.37
2016.11.22 23:40:40.365,1.07469,1.07483,1.00,1.00
2016.11.22 23:40:41.380,1.07469,1.07485,3.37,1.00
2016.11.22 23:40:52.984,1.07471,1.07487,1.00,2.32
2016.11.22 23:40:59.526,1.07471,1.07487,1.87,1.00
2016.11.22 23:41:00.055,1.07471,1.07487,2.62,1.00
2016.11.22 23:41:19.844,1.07471,1.07484,2.62,1.50
2016.11.22 23:41:19.996,1.0747,1.07483,1.50,1.00
2016.11.22 23:41:20.048,1.0747,1.07485,1.50,1.00
2016.11.22 23:41:27.307,1.07471,1.07486,1.12,1.50
2016.11.22 23:41:27.812,1.07471,1.07486,1.50,1.00
2016.11.22 23:41:30.804,1.07472,1.07488,1.12,3.00
2016.11.22 23:42:21.214,1.07472,1.07487,1.12,1.00
2016.11.22 23:42:22.104,1.07472,1.07487,1.37,1.00
2016.11.22 23:42:31.944,1.07472,1.07488,2.25,2.25
2016.11.22 23:42:35.919,1.07472,1.07487,2.25,1.00
2016.11.22 23:42:36.425,1.07472,1.07488,1.50,2.25
2016.11.22 23:42:39.595,1.07472,1.07488,1.50,3.37
2016.11.22 23:42:41.095,1.07472,1.07487,1.50,1.00
2016.11.22 23:42:51.319,1.07472,1.07488,2.25,1.50
2016.11.22 23:43:01.064,1.07472,1.07487,1.50,1.00
2016.11.22 23:43:13.893,1.07472,1.07488,1.50,2.25
2016.11.22 23:44:00.979,1.07472,1.07487,2.25,1.87
2016.11.22 23:44:03.985,1.07472,1.07488,1.50,1.87
2016.11.22 23:44:04.511,1.07472,1.07488,2.25,1.50
2016.11.22 23:44:05.042,1.07472,1.07487,2.25,1.00
2016.11.22 23:44:07.195,1.07472,1.07488,2.25,1.00
2016.11.22 23:44:07.502,1.07474,1.07488,1.50,1.00
2016.11.22 23:44:07.868,1.07475,1.0749,1.87,1.50
2016.11.22 23:44:08.390,1.07475,1.07489,1.87,1.00
2016.11.22 23:44:10.179,1.07476,1.07489,1.00,1.00
2016.11.22 23:44:10.686,1.07476,1.0749,1.50,1.00
2016.11.22 23:44:11.231,1.07477,1.0749,1.50,1.00
2016.11.22 23:44:11.736,1.07477,1.07491,1.00,1.10
2016.11.22 23:44:15.948,1.07477,1.07492,1.50,1.50
2016.11.22 23:44:16.151,1.0748,1.07492,1.00,1.50
2016.11.22 23:44:16.202,1.07479,1.07494,1.00,1.50
2016.11.22 23:44:16.252,1.07481,1.07494,1.00,1.00
2016.11.22 23:44:16.793,1.0748,1.07493,1.00,1.00
2016.11.22 23:44:18.860,1.07481,1.07493,1.00,1.00
2016.11.22 23:44:19.129,1.07481,1.07495,1.00,2.25
2016.11.22 23:44:19.282,1.07479,1.07494,3.00,1.00
2016.11.22 23:44:19.787,1.0748,1.07494,1.00,1.00
2016.11.22 23:44:38.547,1.07481,1.07494,1.00,1.00
2016.11.22 23:44:38.699,1.07479,1.07493,2.25,1.00
2016.11.22 23:44:39.235,1.0748,1.07494,1.00,1.12
2016.11.22 23:44:42.441,1.07481,1.07494,1.00,1.12
2016.11.22 23:44:44.370,1.07481,1.07494,1.00,1.50
2016.11.22 23:44:48.219,1.07483,1.07491,1.50,1.00
2016.11.22 23:44:48.391,1.07484,1.07495,1.00,1.50
2016.11.22 23:44:48.442,1.07481,1.0749,1.12,1.00
2016.11.22 23:44:49.471,1.0748,1.0749,1.50,1.00
2016.11.22 23:44:57.524,1.07479,1.0749,1.12,1.00
2016.11.22 23:45:09.441,1.07479,1.0749,1.37,1.00
2016.11.22 23:45:10.172,1.07479,1.0749,1.50,1.00
2016.11.22 23:45:18.161,1.07477,1.0749,3.37,1.00
2016.11.22 23:45:18.690,1.07479,1.0749,1.00,1.00
2016.11.22 23:45:33.126,1.07479,1.07488,1.00,1.00
2016.11.22 23:45:33.429,1.07474,1.07486,1.75,1.50
2016.11.22 23:45:33.632,1.07471,1.07483,2.62,1.00
2016.11.22 23:45:33.734,1.07471,1.07483,2.25,1.00
2016.11.22 23:45:33.936,1.07471,1.07486,1.87,2.25
2016.11.22 23:45:34.442,1.07472,1.07486,1.00,2.25
2016.11.22 23:45:36.264,1.07472,1.07487,1.00,3.75
2016.11.22 23:45:40.069,1.07472,1.07486,1.00,1.00
2016.11.22 23:45:40.602,1.07472,1.07487,1.00,3.75
2016.11.22 23:45:46.071,1.07473,1.07487,1.00,2.25
2016.11.22 23:45:46.223,1.07475,1.07488,1.00,1.00
2016.11.22 23:45:46.729,1.07476,1.07489,1.00,1.00
2016.11.22 23:45:50.519,1.07475,1.07488,1.00,1.00
2016.11.22 23:45:51.296,1.07476,1.07488,1.00,1.00
2016.11.22 23:45:51.549,1.07474,1.07488,2.25,1.00
2016.11.22 23:45:52.506,1.07475,1.07488,1.00,1.00
2016.11.22 23:45:54.037,1.07476,1.07489,1.00,1.00
2016.11.22 23:45:54.561,1.07476,1.0749,1.50,1.00
2016.11.22 23:46:01.562,1.07478,1.0749,1.00,1.00
2016.11.22 23:46:01.655,1.07479,1.07492,1.00,2.25
2016.11.22 23:46:02.195,1.07478,1.07491,1.00,1.50
2016.11.22 23:46:03.011,1.07481,1.07491,1.00,1.00
2016.11.22 23:46:03.162,1.07477,1.0749,1.31,1.00
2016.11.22 23:46:03.466,1.07476,1.07488,1.12,1.00
2016.11.22 23:46:03.988,1.07476,1.07489,1.00,1.00
2016.11.22 23:46:05.428,1.07477,1.0749,1.00,2.25
2016.11.22 23:46:05.782,1.07475,1.07488,1.50,1.00
2016.11.22 23:46:06.102,1.07478,1.0749,1.31,1.00
2016.11.22 23:46:06.607,1.07478,1.07491,1.00,1.00
2016.11.22 23:46:07.113,1.07479,1.07491,1.00,1.00
2016.11.22 23:46:07.619,1.07479,1.07492,1.00,2.25
2016.11.22 23:46:08.571,1.07479,1.07491,1.00,1.00
2016.11.22 23:46:09.279,1.07479,1.0749,1.00,1.00
2016.11.22 23:46:09.784,1.07479,1.07491,1.00,1.00
2016.11.22 23:46:10.321,1.07479,1.0749,1.00,1.00
2016.11.22 23:46:10.797,1.07478,1.07492,1.00,2.25
2016.11.22 23:46:11.201,1.07479,1.0749,1.00,1.00
2016.11.22 23:46:11.454,1.07479,1.07492,1.00,1.50
2016.11.22 23:46:13.218,1.07479,1.07491,1.00,1.00
2016.11.22 23:46:13.723,1.07479,1.0749,1.00,1.00
2016.11.22 23:46:14.336,1.07479,1.07491,1.00,1.00
2016.11.22 23:46:15.890,1.07479,1.0749,1.00,1.00
2016.11.22 23:46:16.950,1.07479,1.07491,1.00,1.00
2016.11.22 23:46:21.996,1.07478,1.07491,1.00,1.00
2016.11.22 23:46:29.370,1.07478,1.07492,1.00,3.00
2016.11.22 23:46:34.746,1.07478,1.07491,1.00,1.00
2016.11.22 23:46:38.280,1.07479,1.07492,1.00,2.25
2016.11.22 23:46:38.813,1.07479,1.07491,1.00,1.00
2016.11.22 23:46:40.111,1.07479,1.0749,1.00,1.00
2016.11.22 23:46:40.623,1.07478,1.0749,1.00,1.00
2016.11.22 23:46:42.244,1.07478,1.07491,1.00,1.00
2016.11.22 23:46:49.048,1.07479,1.07492,1.00,2.25
2016.11.22 23:46:49.594,1.07479,1.07491,1.00,1.00
2016.11.22 23:46:50.512,1.07478,1.07491,1.00,1.00
2016.11.22 23:46:51.064,1.07478,1.0749,1.00,1.00
2016.11.22 23:46:55.819,1.07479,1.07491,1.00,1.00
2016.11.22 23:46:56.324,1.07479,1.0749,1.00,1.00
2016.11.22 23:46:59.544,1.07479,1.0749,1.00,1.37
2016.11.22 23:47:00.069,1.07479,1.0749,1.00,1.00
2016.11.22 23:47:00.473,1.07479,1.07492,1.00,2.25
2016.11.22 23:47:01.002,1.07479,1.07491,1.00,1.00
2016.11.22 23:47:02.162,1.07479,1.07492,1.00,1.50
2016.11.22 23:47:02.720,1.07479,1.07493,1.00,1.50
2016.11.22 23:47:03.856,1.07479,1.07493,1.00,1.87
2016.11.22 23:47:09.817,1.0748,1.07492,1.00,1.00
2016.11.22 23:47:10.343,1.0748,1.07493,1.00,1.50
2016.11.22 23:47:10.892,1.07479,1.07492,1.00,1.00
2016.11.22 23:47:13.781,1.07481,1.07493,1.00,1.00
2016.11.22 23:47:14.858,1.0748,1.07492,1.00,1.00
2016.11.22 23:47:15.414,1.07478,1.07491,1.50,1.00
2016.11.22 23:47:20.272,1.07477,1.07491,1.12,1.50
2016.11.22 23:47:21.701,1.07477,1.07491,1.12,1.87
2016.11.22 23:47:22.344,1.07476,1.07489,1.87,1.00
2016.11.22 23:47:22.850,1.07475,1.07489,1.00,1.50
2016.11.22 23:47:23.364,1.07474,1.07488,1.50,1.50
2016.11.22 23:47:24.657,1.07474,1.07487,1.00,1.50
2016.11.22 23:47:24.709,1.07472,1.07484,1.50,1.00
2016.11.22 23:47:24.862,1.0747,1.07484,1.87,1.50
2016.11.22 23:47:51.269,1.07471,1.07484,1.00,1.00
2016.11.22 23:47:51.320,1.07473,1.07484,1.00,1.00
2016.11.22 23:47:51.825,1.07474,1.07484,1.00,1.00
2016.11.22 23:47:52.356,1.07473,1.07485,1.00,1.00
2016.11.22 23:47:54.013,1.07476,1.07485,1.00,1.00
2016.11.22 23:47:54.115,1.07477,1.07487,1.00,1.50
2016.11.22 23:47:54.267,1.07479,1.07491,1.00,1.85
2016.11.22 23:47:54.419,1.07482,1.07493,1.00,1.00
2016.11.22 23:47:54.571,1.0748,1.07492,1.00,1.50
2016.11.22 23:47:55.078,1.07479,1.07491,1.00,1.00
2016.11.22 23:47:56.116,1.0748,1.07491,1.00,1.00
2016.11.22 23:47:56.167,1.07482,1.07491,1.00,1.00
2016.11.22 23:47:56.218,1.07482,1.07493,1.00,1.50
2016.11.22 23:47:56.721,1.07483,1.07493,1.00,1.50
2016.11.22 23:47:57.276,1.07482,1.07493,1.00,1.50
2016.11.22 23:47:59.646,1.07486,1.07494,1.00,1.50
2016.11.22 23:47:59.698,1.07483,1.07494,1.00,1.50
2016.11.22 23:47:59.851,1.07482,1.07492,1.50,1.00
2016.11.22 23:47:59.952,1.07479,1.07492,1.50,1.50
2016.11.22 23:48:00.003,1.07478,1.0749,2.62,1.00
2016.11.22 23:48:00.105,1.07478,1.0749,1.12,1.00
2016.11.22 23:48:00.611,1.07477,1.07491,1.00,1.00
2016.11.22 23:48:00.824,1.07485,1.07494,1.00,1.12
2016.11.22 23:48:00.875,1.07483,1.07494,1.00,1.00
2016.11.22 23:48:01.028,1.07482,1.07496,1.00,1.50
2016.11.22 23:48:01.231,1.07483,1.07493,1.00,1.00
2016.11.22 23:48:01.282,1.07481,1.07493,1.00,1.00
2016.11.22 23:48:01.333,1.07481,1.07495,1.00,1.12
2016.11.22 23:48:01.434,1.07481,1.07493,1.00,1.00
2016.11.22 23:48:01.941,1.0748,1.07493,1.00,1.50
2016.11.22 23:48:02.542,1.07481,1.07493,1.00,1.00
2016.11.22 23:48:03.086,1.0748,1.07493,1.00,1.00
2016.11.22 23:48:03.419,1.07482,1.07494,1.00,1.00
2016.11.22 23:48:09.036,1.07485,1.07494,1.00,1.00
2016.11.22 23:48:09.675,1.07483,1.07494,1.00,1.00
2016.11.22 23:48:09.777,1.0748,1.07493,1.00,1.50
2016.11.22 23:48:09.828,1.07482,1.07493,1.00,1.00
2016.11.22 23:48:10.131,1.0748,1.07493,1.00,2.06
2016.11.22 23:48:11.071,1.07482,1.07493,1.00,1.56
2016.11.22 23:48:13.248,1.0748,1.07492,1.00,1.31
2016.11.22 23:48:15.221,1.07481,1.07493,1.00,1.56
2016.11.22 23:48:16.950,1.07479,1.07493,1.12,1.56
2016.11.22 23:48:24.765,1.07481,1.07493,1.00,1.56
2016.11.22 23:48:25.169,1.07483,1.07494,1.00,1.69
2016.11.22 23:48:25.272,1.0748,1.07494,1.00,1.69
2016.11.22 23:48:25.777,1.07482,1.07495,1.00,3.00
2016.11.22 23:48:32.945,1.07481,1.07493,1.00,2.06
2016.11.22 23:48:33.248,1.07483,1.07494,1.00,1.69
2016.11.22 23:48:35.891,1.07482,1.07494,1.00,1.69
2016.11.22 23:48:38.104,1.07483,1.07493,1.00,1.56
2016.11.22 23:48:38.518,1.07481,1.07494,1.00,2.44
2016.11.22 23:48:39.081,1.07482,1.07494,1.00,2.44
2016.11.22 23:48:39.609,1.07483,1.07494,1.00,1.69
2016.11.22 23:48:39.862,1.07481,1.07494,1.00,2.44
2016.11.22 23:48:42.895,1.0748,1.07492,1.00,1.31
2016.11.22 23:48:46.021,1.07481,1.07493,1.00,1.56
2016.11.22 23:48:46.992,1.07483,1.07494,1.00,1.69
2016.11.22 23:48:47.043,1.07481,1.07493,1.00,1.56
2016.11.22 23:48:48.837,1.07482,1.07494,1.00,2.44
2016.11.22 23:48:54.036,1.07481,1.07494,1.00,2.44
2016.11.22 23:48:54.747,1.07482,1.07494,1.00,2.44
2016.11.22 23:48:55.305,1.07481,1.07494,1.00,2.44
2016.11.22 23:48:56.038,1.0748,1.07492,1.50,1.31
2016.11.22 23:48:56.543,1.07481,1.07492,1.00,1.56
2016.11.22 23:48:57.092,1.0748,1.07492,1.00,2.06
2016.11.22 23:49:00.986,1.07481,1.07492,1.00,1.56
2016.11.22 23:49:02.291,1.07482,1.07493,1.00,1.00
2016.11.22 23:49:02.392,1.07482,1.07493,1.00,1.56
2016.11.22 23:49:02.926,1.07481,1.07493,1.00,2.44
2016.11.22 23:49:17.949,1.0748,1.07492,1.00,1.00
2016.11.22 23:49:18.498,1.07479,1.07491,1.00,1.31
2016.11.22 23:49:19.120,1.0748,1.07492,1.00,2.06
2016.11.22 23:49:50.654,1.0748,1.0749,1.00,1.87
2016.11.22 23:49:50.978,1.07482,1.07494,1.25,2.25
2016.11.22 23:49:51.079,1.07481,1.07493,1.25,1.37
2016.11.22 23:49:51.953,1.0748,1.07492,1.17,1.12
2016.11.22 23:49:52.495,1.07481,1.07493,1.00,1.37
2016.11.22 23:49:56.460,1.07477,1.07481,1.00,1.00
2016.11.22 23:49:56.510,1.07477,1.07488,1.00,1.00
2016.11.22 23:49:56.561,1.07478,1.07487,1.00,2.25
2016.11.22 23:49:56.711,1.07477,1.07489,1.25,1.00
2016.11.22 23:49:57.218,1.07478,1.0749,1.25,1.12
2016.11.22 23:49:57.688,1.07477,1.07489,1.50,1.00
2016.11.22 23:49:58.191,1.07478,1.0749,1.00,1.00
2016.11.22 23:49:58.242,1.07478,1.0749,1.55,1.00
2016.11.22 23:49:59.148,1.07478,1.0749,1.00,1.00
2016.11.22 23:49:59.302,1.0748,1.07492,1.00,2.25
2016.11.22 23:49:59.605,1.07479,1.07491,1.07,1.50
2016.11.22 23:50:00.172,1.07478,1.0749,1.00,1.00
2016.11.22 23:50:01.014,1.07477,1.0749,1.50,1.00
2016.11.22 23:50:01.065,1.07477,1.07492,1.00,1.12
2016.11.22 23:50:03.492,1.07477,1.07492,1.00,1.50
2016.11.22 23:50:04.051,1.07477,1.07492,1.00,1.12
2016.11.22 23:50:06.660,1.07475,1.07491,1.00,1.50
2016.11.22 23:50:06.711,1.07475,1.0749,1.00,2.62
2016.11.22 23:50:07.014,1.07475,1.0749,1.00,1.50
2016.11.22 23:50:10.361,1.07475,1.07491,1.00,1.12
2016.11.22 23:50:10.994,1.07477,1.0749,1.00,1.00
2016.11.22 23:50:14.336,1.07479,1.07491,1.00,1.00
2016.11.22 23:50:14.640,1.07481,1.07493,1.00,1.00
2016.11.22 23:50:16.409,1.07482,1.07493,1.00,1.00
2016.11.22 23:50:16.914,1.07481,1.07493,1.00,1.00
2016.11.22 23:50:25.296,1.07481,1.07493,1.00,1.87
2016.11.22 23:50:25.498,1.07481,1.07494,1.00,1.00
2016.11.22 23:50:26.156,1.07481,1.07493,1.00,1.00
2016.11.22 23:50:32.639,1.07481,1.07488,1.00,1.00
2016.11.22 23:50:32.791,1.07478,1.07488,1.00,1.50
2016.11.22 23:50:32.943,1.07477,1.07486,1.00,1.00
2016.11.22 23:50:33.044,1.07477,1.0749,1.00,1.50
2016.11.22 23:50:33.550,1.07477,1.0749,1.00,1.00
2016.11.22 23:50:39.237,1.07478,1.07491,1.00,1.00
2016.11.22 23:51:05.744,1.07479,1.07491,1.00,1.00
2016.11.22 23:51:09.195,1.07477,1.0749,1.00,1.00
2016.11.22 23:51:09.718,1.07476,1.07489,1.50,1.00
2016.11.22 23:51:49.119,1.07475,1.07488,1.00,1.00
2016.11.22 23:52:08.571,1.07476,1.07489,1.00,1.00
2016.11.22 23:52:17.424,1.07477,1.07489,1.00,1.00
2016.11.22 23:52:17.929,1.07476,1.07489,1.00,1.00
2016.11.22 23:52:18.813,1.07477,1.0749,1.00,1.50
2016.11.22 23:52:19.377,1.07476,1.07489,1.00,1.00
2016.11.22 23:52:20.269,1.07476,1.07488,1.00,1.00
2016.11.22 23:52:29.490,1.07475,1.07488,1.12,1.00
2016.11.22 23:52:38.669,1.07482,1.07491,1.00,1.12
2016.11.22 23:52:38.872,1.0748,1.07493,1.00,6.02
2016.11.22 23:52:38.923,1.07479,1.07491,1.00,1.00
2016.11.22 23:52:39.428,1.07479,1.07492,1.00,1.00
2016.11.22 23:52:41.039,1.07478,1.07491,1.00,1.00
2016.11.22 23:52:42.249,1.07478,1.07491,1.00,1.50
2016.11.22 23:52:53.116,1.07479,1.07492,1.00,1.75
2016.11.22 23:52:57.390,1.0748,1.07493,1.00,2.25
2016.11.22 23:52:57.935,1.07483,1.07493,1.00,1.75
2016.11.22 23:52:57.985,1.07481,1.07493,1.50,1.75
2016.11.22 23:52:58.087,1.07483,1.07493,1.00,1.50
2016.11.22 23:52:58.138,1.07481,1.07493,1.00,1.50
2016.11.22 23:52:58.391,1.0748,1.07493,1.00,2.25
2016.11.22 23:52:58.894,1.07479,1.07492,1.00,1.75
2016.11.22 23:52:59.651,1.07478,1.07491,1.00,1.50
2016.11.22 23:53:00.148,1.07481,1.07493,1.00,2.25
2016.11.22 23:53:00.602,1.07481,1.07494,1.00,2.25
2016.11.22 23:53:01.008,1.07479,1.07492,1.87,1.12
2016.11.22 23:53:01.122,1.07479,1.07492,1.00,1.75
2016.11.22 23:53:01.628,1.07478,1.07491,1.00,1.50
2016.11.22 23:53:06.421,1.07479,1.07492,1.00,1.75
2016.11.22 23:53:09.546,1.07478,1.07491,1.00,1.50
2016.11.22 23:53:11.335,1.07478,1.07491,1.12,1.12
2016.11.22 23:53:17.842,1.07478,1.07491,1.00,1.50
2016.11.22 23:53:18.348,1.07478,1.07492,1.00,1.75
2016.11.22 23:53:20.599,1.07479,1.07492,1.00,1.75
2016.11.22 23:53:20.941,1.0748,1.07494,1.00,3.00
2016.11.22 23:53:22.146,1.0748,1.07494,1.00,3.37
2016.11.22 23:53:31.480,1.07482,1.07494,1.00,2.25
2016.11.22 23:53:31.632,1.07482,1.07494,1.00,1.50
2016.11.22 23:53:31.733,1.07482,1.07494,1.00,1.75
2016.11.22 23:53:35.486,1.07483,1.07494,1.00,1.75
2016.11.22 23:53:35.688,1.0748,1.07493,1.00,1.75
2016.11.22 23:53:36.200,1.07479,1.07492,1.00,1.50
2016.11.22 23:53:42.139,1.07479,1.07492,1.00,1.75
2016.11.22 23:54:06.403,1.07479,1.07492,1.00,1.75
2016.11.22 23:54:14.321,1.07478,1.07491,1.00,1.75
2016.11.22 23:54:30.475,1.07479,1.07492,1.00,1.87
2016.11.22 23:54:44.632,1.07478,1.07492,1.00,1.75
2016.11.22 23:54:45.138,1.07477,1.07491,2.25,1.75
2016.11.22 23:54:52.502,1.07479,1.07493,1.00,2.25
2016.11.22 23:54:53.990,1.07478,1.07492,1.00,1.75
2016.11.22 23:55:02.152,1.0748,1.07493,1.00,2.25
2016.11.22 23:55:02.354,1.07478,1.07492,1.00,1.75
2016.11.22 23:55:04.260,1.07477,1.07491,1.87,1.50
2016.11.22 23:55:05.241,1.07474,1.07486,1.75,1.00
2016.11.22 23:55:05.298,1.07472,1.07484,2.21,1.00
2016.11.22 23:55:10.852,1.07473,1.07484,1.00,1.00
2016.11.22 23:55:19.420,1.07471,1.07484,2.40,1.50
2016.11.22 23:55:26.900,1.07474,1.07486,1.00,1.75
2016.11.22 23:55:27.102,1.07476,1.07489,1.00,1.75
2016.11.22 23:55:27.620,1.07476,1.07489,1.00,1.50
2016.11.22 23:55:41.149,1.07478,1.07492,1.00,1.75
2016.11.22 23:55:41.654,1.07478,1.07492,1.00,1.75
2016.11.22 23:56:00.683,1.07479,1.07492,1.00,1.75
2016.11.22 23:56:01.234,1.07478,1.07492,1.00,1.75
2016.11.22 23:56:07.902,1.07479,1.07492,1.00,1.75
2016.11.22 23:56:23.872,1.07478,1.07492,1.00,1.75
2016.11.22 23:56:24.377,1.07477,1.07491,2.25,1.75
2016.11.22 23:56:24.807,1.07479,1.07493,1.00,3.00
2016.11.22 23:56:25.110,1.07477,1.07491,1.50,1.75
2016.11.22 23:56:57.919,1.07476,1.07489,1.12,1.00
2016.11.22 23:56:58.422,1.07476,1.07489,1.00,1.37
2016.11.22 23:56:59.614,1.07477,1.0749,1.00,1.75
2016.11.22 23:57:00.139,1.07476,1.0749,1.50,1.75
2016.11.22 23:57:17.775,1.07475,1.07488,1.12,1.00
2016.11.22 23:57:18.290,1.07475,1.07488,1.00,1.50
2016.11.22 23:57:18.762,1.07477,1.0749,1.50,1.75
2016.11.22 23:57:19.268,1.07477,1.07491,1.00,1.75
2016.11.22 23:57:21.143,1.07478,1.07493,1.50,1.75
2016.11.22 23:57:21.810,1.07478,1.07493,2.25,1.87
2016.11.22 23:57:22.688,1.07479,1.07493,1.00,1.75
2016.11.22 23:57:32.727,1.07479,1.07493,1.00,1.75
2016.11.22 23:57:38.146,1.07478,1.07492,1.50,1.87
2016.11.22 23:57:38.401,1.07476,1.07491,1.87,1.75
2016.11.22 23:57:38.907,1.07476,1.07491,1.50,1.75
2016.11.22 23:57:40.193,1.07473,1.07487,2.62,1.00
2016.11.22 23:57:40.345,1.07472,1.07487,3.37,2.25
2016.11.22 23:57:40.873,1.07472,1.07487,1.00,2.25
2016.11.22 23:57:42.162,1.07474,1.07489,1.00,2.25
2016.11.22 23:57:42.364,1.07475,1.07489,1.00,1.75
2016.11.22 23:57:46.870,1.07476,1.07491,1.00,2.62
2016.11.22 23:57:47.478,1.07476,1.07488,1.00,1.00
2016.11.22 23:57:50.598,1.07476,1.07489,1.12,1.00
2016.11.22 23:57:50.993,1.07477,1.07491,1.00,2.25
2016.11.22 23:57:51.498,1.07476,1.07491,1.00,2.62
2016.11.22 23:58:00.989,1.07477,1.07491,1.00,1.87
2016.11.22 23:58:01.597,1.07477,1.07489,1.00,1.00
2016.11.22 23:58:02.135,1.07477,1.07491,1.00,2.25
2016.11.22 23:58:02.640,1.07476,1.07491,2.62,2.25
2016.11.22 23:58:03.148,1.07476,1.07491,2.25,2.25
2016.11.22 23:58:03.864,1.07477,1.07491,1.00,2.62
2016.11.22 23:58:04.370,1.07476,1.07491,2.25,2.25
2016.11.22 23:58:05.705,1.07476,1.07491,1.50,2.62
2016.11.22 23:58:07.091,1.07477,1.07491,1.00,1.87
2016.11.22 23:58:08.390,1.07476,1.0749,1.00,1.12
2016.11.22 23:58:11.969,1.07477,1.07491,1.00,1.75
2016.11.22 23:58:12.481,1.07477,1.07488,1.00,1.00
2016.11.22 23:58:14.258,1.07476,1.07491,1.00,2.62
2016.11.22 23:58:14.815,1.07477,1.07491,1.00,1.87
2016.11.22 23:58:14.866,1.07475,1.0749,1.12,2.25
2016.11.22 23:58:15.388,1.07475,1.07489,2.25,1.75
2016.11.22 23:58:45.512,1.07474,1.07489,1.50,2.25
2016.11.22 23:58:50.593,1.07475,1.07489,1.50,1.75
2016.11.22 23:59:01.098,1.07475,1.07489,1.80,1.75
2016.11.22 23:59:01.250,1.07476,1.07489,1.20,1.50
2016.11.22 23:59:01.797,1.07476,1.07489,1.27,1.12
2016.11.22 23:59:05.884,1.07479,1.0749,1.00,1.37
2016.11.22 23:59:06.390,1.07479,1.0749,1.39,1.00
2016.11.22 23:59:29.293,1.07478,1.07491,1.61,1.00
2016.11.22 23:59:29.596,1.07477,1.0749,1.50,1.00
2016.11.22 23:59:29.849,1.07477,1.0749,1.00,1.75
2016.11.22 23:59:30.503,1.07476,1.07489,1.00,1.50
2016.11.22 23:59:31.048,1.07475,1.07489,1.00,2.62
2016.11.22 23:59:34.342,1.07476,1.07489,1.00,1.75
2016.11.22 23:59:34.847,1.07475,1.07489,2.25,1.75
2016.11.22 23:59:39.388,1.07476,1.07489,1.50,1.75
2016.11.22 23:59:40.157,1.07475,1.07489,1.00,2.25
2016.11.22 23:59:40.494,1.07475,1.07489,1.00,2.25
2016.11.22 23:59:52.173,1.07474,1.07489,1.00,2.25
2016.11.22 23:59:56.321,1.07475,1.07489,1.00,2.25
2016.11.22 23:59:57.398,1.07474,1.07487,1.50,1.75
2016.11.22 23:59:57.920,1.07474,1.07487,1.00,1.75
